timestamp,symbol,b1,b2,b3,b4,b5,b6,b7,b8,b9,b10,bv1,bv2,bv3,bv4,bv5,bv6,bv7,bv8,bv9,bv10,a1,a2,a3,a4,a5,a6,a7,a8,a9,a10,av1,av2,av3,av4,av5,av6,av7,av8,av9,av10
2021-08-20 00:00:00,LINKUSDT.HB,27.0999,27.0946,27.0922,27.0901,27.0877,27.0868,27.0855,27.0846,27.0816,27.0815,10.67,22.0,7.58,54.9,40.25,36.9,73.79,10.0,100.0,80.49,27.1,27.1001,27.107,27.1072,27.1075,27.1084,27.1092,27.1095,27.1104,27.1105,83.08,32.18,6.01,40.5,0.61,0.25,0.37,0.74,2.57,240.0
2021-08-20 00:00:01,LINKUSDT.HB,27.092,27.0913,27.0902,27.0877,27.0868,27.0855,27.0853,27.0816,27.0815,27.0814,22.0,7.97,11.01,20.25,36.9,73.79,54.9,100.0,80.49,16.42,27.0947,27.1,27.1001,27.1066,27.1069,27.107,27.1072,27.1075,27.1084,27.1087,2.99,54.21,32.18,55.38,0.83,6.01,40.5,0.61,314.41,36.91
2021-08-20 00:00:02,LINKUSDT.HB,27.0923,27.0905,27.0904,27.0877,27.0868,27.0855,27.0819,27.0816,27.0815,27.0814,7.97,5.48,22.0,75.15,36.9,73.79,36.92,100.0,80.49,16.42,27.0938,27.0947,27.1,27.1059,27.1069,27.107,27.1072,27.1074,27.1075,27.1084,32.18,2.99,29.47,22.0,0.83,6.01,40.5,48.85,0.61,314.41
2021-08-20 00:00:03,LINKUSDT.HB,27.0923,27.0874,27.0873,27.0862,27.0821,27.0819,27.0815,27.0812,27.081,27.0808,6.36,1.02,22.0,54.9,14.1,36.92,80.49,40.0,20.25,36.9,27.0924,27.0946,27.0999,27.1,27.1058,27.1059,27.1061,27.107,27.1074,27.1075,33.83,30.84,40.5,39.19,7.78,22.0,54.84,6.01,48.85,0.61
2021-08-20 00:00:04,LINKUSDT.HB,27.0923,27.0884,27.0875,27.0862,27.0819,27.0815,27.0812,27.081,27.0809,27.0808,5.36,22.0,4.5,54.9,36.92,80.49,40.0,20.25,100.0,36.9,27.0924,27.0925,27.0999,27.1,27.1058,27.1059,27.107,27.1073,27.1074,27.1075,33.83,30.84,40.5,39.19,7.78,22.0,6.01,0.69,48.85,0.61
2021-08-20 00:00:05,LINKUSDT.HB,27.0923,27.0874,27.0873,27.0863,27.0862,27.0819,27.0816,27.0815,27.0812,27.081,5.36,1.02,22.0,4.83,54.9,36.92,100.0,80.49,40.0,20.25,27.0924,27.0925,27.0999,27.1,27.1058,27.1059,27.1064,27.107,27.1074,27.1075,33.83,30.84,40.5,39.19,7.78,22.0,314.26,6.01,48.85,0.61
2021-08-20 00:00:06,LINKUSDT.HB,27.0923,27.0874,27.0873,27.0864,27.0863,27.0862,27.0819,27.0818,27.0816,27.0815,5.36,1.02,22.0,34.3,4.83,54.9,36.92,36.9,100.0,80.49,27.0924,27.0925,27.0999,27.1,27.1058,27.1059,27.1063,27.1064,27.107,27.1074,27.62,27.62,40.5,39.19,7.78,22.0,0.69,314.26,6.01,48.85
2021-08-20 00:00:07,LINKUSDT.HB,27.0923,27.0875,27.0865,27.0864,27.0862,27.0819,27.0816,27.0815,27.0812,27.081,5.36,22.0,6.0,34.3,54.9,36.92,100.0,80.49,40.0,20.25,27.0924,27.0925,27.0991,27.0999,27.1,27.1058,27.1059,27.1064,27.107,27.1074,27.62,26.88178831780013,95.0,40.5,39.19,7.5,22.0,314.26,6.01,48.85
2021-08-20 00:00:08,LINKUSDT.HB,27.0956,27.0923,27.089,27.0875,27.0864,27.0862,27.082,27.0819,27.0815,27.0812,0.37,5.36,8.46,22.0,34.3,54.9,100.0,36.92,80.49,40.0,27.099,27.0991,27.0999,27.1,27.1058,27.1059,27.107,27.1074,27.1075,27.1084,27.62,122.62,40.5,39.19,5.39,22.0,6.01,48.85,0.61,0.25
2021-08-20 00:00:09,LINKUSDT.HB,27.0975,27.0974,27.0913,27.0894,27.0883,27.0864,27.0862,27.082,27.0819,27.0818,2.43,0.37,3.01,8.0,20.25,34.3,54.9,100.0,36.92,36.9,27.099,27.0991,27.1,27.1058,27.1059,27.106,27.107,27.1074,27.1075,27.1084,27.61,95.0,39.19,3.99,22.0,40.5,6.01,48.85,0.61,0.25
2021-08-20 00:00:10,LINKUSDT.HB,27.0987,27.0986,27.0895,27.0894,27.0883,27.0864,27.0862,27.0828,27.082,27.0819,2.16,0.37,10.04,22.0,20.25,34.3,54.9,36.9,100.0,36.92,27.1,27.1058,27.1059,27.106,27.107,27.1074,27.1075,27.1084,27.1086,27.1087,66.8,3.99,22.0,40.5,6.01,48.85,0.61,0.25,0.69,36.91
2021-08-20 00:00:11,LINKUSDT.HB,27.0755,27.0754,27.0753,27.0736,27.0728,27.0711,27.0689,27.0678,27.0676,27.0668,95.0,6.09,147.65,36.35,36.9,39.1,142.61,37.0,16.42,112.07,27.0892,27.0893,27.0894,27.092,27.0952,27.0996,27.0999,27.1,27.1002,27.1033,2.48,44.57,27.61,67.5,22.0,95.0,79.92,39.19,18.45,85.64
2021-08-20 00:00:12,LINKUSDT.HB,27.0787,27.0786,27.0775,27.0754,27.0753,27.0736,27.0729,27.0709,27.0708,27.0704,3.83,95.0,39.1,4.39,147.65,36.35,54.96,84.22,10.1,10.0,27.0886,27.0887,27.0888,27.0893,27.0951,27.0953,27.0985,27.0996,27.1,27.1031,2.99,27.61,27.61,16.96,22.0,67.5,0.31,95.0,39.19,0.75
2021-08-20 00:00:13,LINKUSDT.HB,27.0793,27.0792,27.0791,27.0789,27.0786,27.0775,27.0765,27.0753,27.0737,27.0718,1.02,8.21,0.78,3.05,95.0,39.1,36.93,147.65,246.11,20.0,27.0883,27.0884,27.089,27.0891,27.0892,27.0893,27.0942,27.0953,27.0982,27.0985,27.61,27.61,2.3,27.61,27.61,27.61,23.53,67.5,36.93,0.31
2021-08-20 00:00:14,LINKUSDT.HB,27.0803,27.0802,27.0786,27.0775,27.0765,27.0753,27.0737,27.0729,27.0716,27.0709,4.85,10.59,95.0,39.1,36.93,147.65,246.11,148.0,36.35,84.22,27.0888,27.0889,27.0891,27.0939,27.095,27.0953,27.0982,27.0985,27.0995,27.0996,27.61,27.61,27.61,2.61,22.0,67.5,36.93,0.31,0.69,95.0
2021-08-20 00:00:15,LINKUSDT.HB,27.0812,27.0811,27.0809,27.0788,27.0775,27.0753,27.0748,27.0744,27.0737,27.0729,98.79,36.92,98.01,20.0,39.1,147.65,20.0,40.0,246.11,148.0,27.0886,27.0936,27.0937,27.0938,27.0965,27.0982,27.0996,27.1,27.1022,27.1031,27.61,4.07,27.61,27.61,67.5,36.93,95.0,39.19,6.47,0.77
2021-08-20 00:00:16,LINKUSDT.HB,27.1033,27.1032,27.0963,27.0962,27.0936,27.0934,27.0925,27.09,27.0894,27.089,2.97,9.99,11.32,132.0,40.5,95.0,73.78,36.91,40.0,95.0,27.107,27.1073,27.1075,27.1084,27.1092,27.1093,27.1095,27.1117,27.1119,27.1122,6.01,55.89,0.61,0.25,0.37,56.14,0.74,0.23,2.29,85.05
2021-08-20 00:00:17,LINKUSDT.HB,27.1074,27.1041,27.0986,27.0985,27.0963,27.0962,27.0948,27.0925,27.0914,27.0895,143.0,40.5,15.03,10.0,76.22,132.0,36.87,73.75,40.0,100.0,27.1131,27.1132,27.1135,27.1144,27.1149,27.1157,27.1159,27.116,27.1166,27.1168,27.61,41.15,2.5,0.33,0.74,101.99,0.38,1.37,0.34,0.52
2021-08-20 00:00:18,LINKUSDT.HB,27.1043,27.1042,27.1035,27.1007,27.0998,27.0984,27.0968,27.0965,27.0962,27.0949,95.0,2.16,40.5,162.41,36.86,40.0,24.0,73.75,132.0,16.42,27.1117,27.1118,27.1132,27.1135,27.1144,27.1149,27.1157,27.1159,27.116,27.1166,27.61,27.61,2.5,2.5,0.33,0.74,101.99,0.38,1.37,0.34
2021-08-20 00:00:19,LINKUSDT.HB,27.1044,27.1032,27.0977,27.0962,27.0949,27.0938,27.0926,27.0895,27.0873,27.0856,5.23,40.5,36.89,132.0,16.42,3.16,76.65,100.0,54.86,36.35,27.1114,27.1189,27.119,27.1194,27.1195,27.1197,27.1203,27.1206,27.1207,27.1208,22.731514713367808,28.3,31.14489247391128,22.0,8.62,0.47,0.74,0.27,0.4,1.04
2021-08-20 00:00:20,LINKUSDT.HB,27.1037,27.1036,27.1035,27.1032,27.0977,27.0962,27.0949,27.094,27.0927,27.0926,90.0,95.0,90.0,40.5,36.89,132.0,16.42,33.16,100.0,76.65,27.1187,27.119,27.1195,27.1197,27.1203,27.1206,27.1207,27.1208,27.1221,27.1223,27.61,3.5348924739112797,8.62,0.47,0.74,0.27,0.4,1.04,0.87,0.6
2021-08-20 00:00:21,LINKUSDT.HB,27.1172,27.1138,27.1137,27.1126,27.1112,27.1086,27.1058,27.1002,27.1001,27.0998,0.21,11.87,20.0,40.5,28.95,36.87,5.0,123.12,55.36,24.0,27.1252,27.1254,27.1255,27.1281,27.1294,27.132,27.1329,27.133,27.1333,27.1344,20.67,22.0,95.0,95.0,7.27,47.81,27.56,33.82216675246507,0.23,2.07
2021-08-20 00:00:22,LINKUSDT.HB,27.1213,27.1181,27.1156,27.1147,27.1118,27.1089,27.1086,27.1022,27.1002,27.0996,162.0,45.43,95.0,120.0,20.0,13.52,127.0,16.42,123.12,38.49,27.1251,27.1252,27.129,27.1301,27.133,27.1333,27.1344,27.1345,27.1355,27.1357,23.9,23.9,5.15,95.0,6.26216675246507,0.23,2.07,0.37,0.34,8.69
2021-08-20 00:00:23,LINKUSDT.HB,27.1213,27.1137,27.1108,27.1049,27.1048,27.1022,27.1002,27.0996,27.099,27.0973,162.0,20.0,40.5,7.73,1.85,16.42,123.12,36.35,231.93,36.88,27.1299,27.13,27.1301,27.1321,27.133,27.1333,27.1344,27.1345,27.1355,27.1357,4.85,23.9,118.9,20.25,6.26216675246507,0.23,2.07,0.37,0.34,8.69
2021-08-20 00:00:24,LINKUSDT.HB,27.1213,27.1137,27.1128,27.111,27.1108,27.1105,27.1098,27.1044,27.1032,27.1022,158.58,20.0,36.86,6.96,40.5,73.72,40.0,120.0,136.0,16.42,27.1228,27.1229,27.1275,27.1276,27.1279,27.128,27.1286,27.1321,27.133,27.1333,22.25,22.25,22.0,2.59,22.25,22.25,95.0,20.25,6.26216675246507,0.23
2021-08-20 00:00:25,LINKUSDT.HB,27.1137,27.1108,27.1098,27.1046,27.1045,27.1044,27.1035,27.1028,27.1022,27.1002,20.0,40.5,40.0,7.73,0.97,120.0,73.73,10.39,16.42,161.61,27.1211,27.1215,27.1229,27.1321,27.133,27.1333,27.1344,27.1345,27.1355,27.1357,9.52,95.0,95.0,20.25,6.26216675246507,0.23,2.07,0.37,0.34,8.69
2021-08-20 00:00:26,LINKUSDT.HB,27.0895,27.0854,27.0824,27.0798,27.0796,27.079,27.0773,27.0772,27.0769,27.0679,3.08,111.87,4.09,40.5,7.4,2.5,30.03,2.5,2.5,83.23,27.0986,27.0998,27.0999,27.1045,27.1069,27.113,27.1175,27.1176,27.1181,27.133,95.0,14.15,9.98,95.0,20.25,19.76,23.51,19.76,55.96,6.26216675246507
2021-08-20 00:00:27,LINKUSDT.HB,27.0896,27.0799,27.0797,27.0796,27.0783,27.0772,27.0769,27.0738,27.0698,27.0692,0.4,7.16,4.42,95.0,26.25,2.5,2.5,36.92,17.33,4.39,27.0954,27.0964,27.1034,27.1045,27.1074,27.1093,27.1094,27.1162,27.1163,27.1231,22.0,95.0,14.15,95.0,22.28,314.16,1.38,80.1,54.56,55.66
2021-08-20 00:00:28,LINKUSDT.HB,27.0797,27.0773,27.0772,27.0769,27.0738,27.072,27.0706,27.0692,27.0691,27.068,1.25,1.75,2.4,2.5,36.92,16.42,44.55,2.94,38.51,30.1,27.0885,27.0886,27.0887,27.0895,27.0927,27.0932,27.0978,27.1066,27.1072,27.1113,18.97,19.83,10.99,3.36,22.0,95.0,22.28,1.38,1.78,55.11
2021-08-20 00:00:29,LINKUSDT.HB,27.0813,27.0812,27.0809,27.0808,27.0807,27.0772,27.0769,27.0738,27.0721,27.072,306.45,95.0,432.95,4.47,95.0,2.3,2.5,36.92,2.28,16.42,27.0885,27.0886,27.0895,27.0977,27.0978,27.1045,27.1065,27.1066,27.1118,27.1135,17.59,17.59,3.36,22.0,22.28,4.44,1.21,1.38,0.77,36.93
2021-08-20 00:00:30,LINKUSDT.HB,27.0815,27.0813,27.0809,27.0782,27.0778,27.0772,27.0769,27.0768,27.0738,27.072,95.0,154.18,432.95,44.55,18.45,2.3,2.5,151.45,36.92,16.42,27.0894,27.0895,27.0978,27.1032,27.1041,27.1045,27.1048,27.1066,27.1076,27.1111,17.59,3.36,22.28,22.0,12.16,4.44,80.0,1.38,60.0,122.09
2021-08-20 00:00:31,LINKUSDT.HB,27.0937,27.0898,27.0869,27.0868,27.086,27.0859,27.0858,27.0832,27.0808,27.0795,10.0,4.86,95.0,40.0,44.55,0.32,36.9,95.0,20.0,113.8,27.0976,27.1006,27.1044,27.1045,27.1075,27.1085,27.1093,27.1133,27.1134,27.1135,17.59,0.09301343881685276,1.66,4.44,22.0,13.13,22.28,100.0,123.93,2.5
2021-08-20 00:00:32,LINKUSDT.HB,27.1034,27.1033,27.102,27.1019,27.0999,27.0968,27.0954,27.0928,27.0888,27.0869,320.98,95.0,90.0,140.7,106.0,20.0,96.26,16.42,115.0,28.97,27.1264,27.1317,27.1329,27.133,27.1333,27.1344,27.1345,27.135,27.1355,27.1357,3.08,24.3,17.02,6.26216675246507,0.23,2.07,0.37,36.9,0.34,8.69
2021-08-20 00:00:33,LINKUSDT.HB,27.1031,27.103,27.1024,27.1021,27.1019,27.0999,27.0998,27.0962,27.0954,27.0928,4.31,1.11,410.56,362.04,45.7,106.0,6.06,36.89,410.72,16.42,27.1112,27.1194,27.1196,27.1197,27.1211,27.1221,27.1264,27.1316,27.1317,27.133,6.431148750331966,22.0,0.81,95.0,13.95,95.0,3.08,13.33,24.3,6.26216675246507
2021-08-20 00:00:34,LINKUSDT.HB,27.1,27.0999,27.0998,27.0962,27.0934,27.0889,27.0888,27.0811,27.079,27.078,4.31,106.0,6.06,36.89,48.6,79.99,115.0,6.94,2.5,111.87,27.1112,27.1143,27.1157,27.1158,27.118,27.1181,27.1214,27.1264,27.1329,27.133,1.73,95.0,22.0,95.0,13.95,13.95,24.3,3.08,0.97,6.26216675246507
2021-08-20 00:00:35,LINKUSDT.HB,27.0935,27.0902,27.0901,27.0891,27.0858,27.0851,27.0849,27.0847,27.0836,27.079,503.5,3.37,16.42,34.34,23.19,36.9,48.6,59.65,38.51,2.5,27.1094,27.1095,27.1109,27.111,27.1115,27.1221,27.1264,27.127,27.1281,27.1293,17.48,95.0,13.95,108.95,24.3,54.66,3.08,55.11,56.06,314.16
2021-08-20 00:00:36,LINKUSDT.HB,27.0891,27.0844,27.0791,27.079,27.078,27.0772,27.0769,27.0699,27.0698,27.0691,34.34,48.6,3.37,2.5,111.87,2.3,2.5,83.99,60.4,38.52,27.0969,27.0996,27.0997,27.1023,27.1121,27.1171,27.1217,27.1218,27.1221,27.1264,10.0,11.84,11.84,1.95,24.3,54.48,88.03,36.26,54.66,3.08
2021-08-20 00:00:37,LINKUSDT.HB,27.0966,27.0892,27.0891,27.0878,27.0858,27.0844,27.0828,27.0826,27.0815,27.079,18.42,10.72,26.48,10.0,40.0,48.6,36.9,40.0,73.81,2.5,27.1023,27.1035,27.1036,27.1057,27.1058,27.1071,27.1078,27.1092,27.1121,27.1174,95.0,22.0,20.0,30.0,95.0,10.63,40.0,18.45,24.3,314.16
2021-08-20 00:00:38,LINKUSDT.HB,27.0954,27.0953,27.0952,27.0945,27.0944,27.0898,27.0891,27.0878,27.0858,27.0851,9.23,355.7,54.21,62.06,49.06,10.0,26.48,18.44,60.0,36.91,27.1021,27.1022,27.1071,27.1115,27.1135,27.1136,27.1157,27.1181,27.1188,27.1212,11.84,11.84,11.84,22.0,1.51,20.0,30.0,56.04,80.0,24.3
2021-08-20 00:00:39,LINKUSDT.HB,27.0956,27.0954,27.0946,27.0945,27.0944,27.0908,27.0898,27.0891,27.0862,27.0851,442.93,92.02,54.21,62.06,48.6,24.0,10.0,26.48,16.42,36.91,27.1066,27.1133,27.1134,27.1136,27.1187,27.1203,27.1212,27.1217,27.1242,27.1246,11.84,1.2,22.0,20.0,100.0,6.44,24.3,88.03,18.44,55.2
2021-08-20 00:00:40,LINKUSDT.HB,27.0947,27.0946,27.0925,27.0891,27.0888,27.0835,27.0828,27.0791,27.079,27.0772,5.73,63.27,36.9,26.48,54.21,48.6,13.11,84.02,2.5,2.3,27.1058,27.1059,27.106,27.111,27.1203,27.1217,27.1246,27.1264,27.1268,27.1278,4.98,11.84,128.48004382793476,24.3,6.44,88.03,36.9,3.08,55.73,147.65
2021-08-20 00:00:41,LINKUSDT.HB,27.0949,27.0948,27.0946,27.0928,27.0924,27.0919,27.0891,27.0878,27.0791,27.079,7.36,62.06,63.27,48.6,36.9,54.21,26.48,24.0,26.82,2.5,27.1094,27.1098,27.1102,27.1103,27.1142,27.1192,27.1203,27.1217,27.1233,27.1264,22.0,95.0,11.84,101.68454602125392,24.3,14.52,6.44,88.03,36.9,3.08
2021-08-20 00:00:42,LINKUSDT.HB,27.1005,27.0995,27.0989,27.0984,27.0948,27.0939,27.0938,27.0928,27.0924,27.0891,22.0,9.54,95.0,95.0,62.06,54.21,20.0,48.6,36.9,26.48,27.1041,27.1087,27.1088,27.1141,27.1142,27.1217,27.1233,27.1264,27.1267,27.1277,11.84,11.84,20.24,22.0,24.3,88.03,36.9,3.08,100.0,6.44
2021-08-20 00:00:43,LINKUSDT.HB,27.0935,27.0925,27.0924,27.0891,27.0876,27.086,27.0844,27.0808,27.0791,27.079,22.0,11.92,36.9,26.48,147.57,54.21,48.6,24.0,26.82,2.5,27.1005,27.1006,27.1107,27.1117,27.113,27.1134,27.1142,27.1216,27.1217,27.1233,11.84,18.969214851331703,22.0,95.0,4.9,95.0,7.95,100.0,88.03,36.9
2021-08-20 00:00:44,LINKUSDT.HB,27.094,27.0912,27.0902,27.0891,27.0884,27.0844,27.0838,27.0818,27.0808,27.079,0.31,22.0,14.4,26.48,54.21,48.6,20.0,38.45,18.45,2.5,27.1003,27.1004,27.1029,27.103,27.1034,27.1038,27.1039,27.1083,27.1086,27.1092,11.84,11.84,6.64,22.0,95.0,17.14,95.0,11.84,20.0,11.84
2021-08-20 00:00:45,LINKUSDT.HB,27.09,27.0891,27.0852,27.0845,27.0844,27.0796,27.079,27.0779,27.0772,27.0769,4.75,26.48,22.0,3.36,48.6,54.21,2.5,36.92,2.3,2.5,27.0926,27.0941,27.0946,27.0957,27.0982,27.0984,27.0985,27.0986,27.1004,27.1042,60.0,10.0,70.0,40.0,4.88,117.0,11.82,11.82,95.0,18.45
2021-08-20 00:00:46,LINKUSDT.HB,27.0812,27.08,27.079,27.0779,27.0772,27.0769,27.0763,27.0758,27.0755,27.0748,0.92,22.0,2.5,36.92,2.3,2.5,48.6,20.0,147.58,160.0,27.0888,27.0889,27.089,27.0983,27.0984,27.1012,27.1031,27.1082,27.1089,27.1098,11.82,11.941690212596304,10.0,3.73,117.0,55.2,24.3,76.9,36.92,0.77
2021-08-20 00:00:47,LINKUSDT.HB,27.087,27.086,27.0849,27.084,27.0827,27.0798,27.079,27.0779,27.0772,27.0769,22.0,13.06,62.06,54.21,95.0,23.58,2.5,36.92,2.3,2.5,27.097,27.0971,27.0984,27.103,27.1031,27.1088,27.1089,27.1092,27.1098,27.1105,11.82,11.82,95.0,1.14,24.3,2.55,36.92,55.2,0.77,100.0
2021-08-20 00:00:48,LINKUSDT.HB,27.0832,27.0829,27.079,27.0779,27.0772,27.0769,27.0763,27.076,27.0755,27.0748,22.0,5.79,2.5,36.92,2.3,2.5,48.6,54.21,147.58,160.0,27.0839,27.0937,27.0938,27.094,27.0942,27.0954,27.0955,27.0957,27.0981,27.1007,7.04,6.64,0.81,0.97,95.0,11.35,101.35,95.0,90.0,55.2
2021-08-20 00:00:49,LINKUSDT.HB,27.0841,27.084,27.0791,27.079,27.0783,27.0779,27.0772,27.0769,27.0763,27.0755,22.0,9.17,0.32,2.5,54.21,36.92,2.3,2.5,48.6,147.58,27.0934,27.0937,27.1019,27.102,27.1031,27.1032,27.1073,27.1083,27.1088,27.1089,2.55,195.99,7.97,22.0,24.3,55.2,55.88,55.97,0.77,36.92
2021-08-20 00:00:50,LINKUSDT.HB,27.0802,27.079,27.078,27.0779,27.0772,27.0769,27.0763,27.0748,27.0742,27.0718,22.32,2.5,4.66,36.92,2.3,2.5,48.6,160.0,54.21,16.42,27.0899,27.09,27.0903,27.0904,27.0905,27.0907,27.092,27.0921,27.1022,27.1031,7.97,3.75,10.99,10.99,10.99,95.0,62.06,95.0,55.2,24.3
2021-08-20 00:00:51,LINKUSDT.HB,27.0802,27.079,27.078,27.0779,27.0772,27.0769,27.0763,27.0755,27.0748,27.0728,22.32,2.5,5.34,36.92,2.3,2.5,48.6,54.21,160.0,36.92,27.0896,27.0897,27.0898,27.0907,27.092,27.0921,27.0955,27.0966,27.1002,27.1006,3.53,16.03,1.53,95.0,62.06,95.0,10.0,20.0,18.45,40.0
2021-08-20 00:00:52,LINKUSDT.HB,27.0818,27.0817,27.079,27.0779,27.0772,27.0769,27.0763,27.0761,27.0748,27.074,4.8,22.0,2.5,36.92,2.3,2.5,48.6,54.21,160.0,20.0,27.0893,27.0896,27.0897,27.0943,27.0944,27.0945,27.0955,27.0966,27.0978,27.1006,0.86,10.99,10.99,10.99,7.03,22.0,10.0,20.0,54.88,117.74
2021-08-20 00:00:53,LINKUSDT.HB,27.0727,27.0707,27.07,27.0699,27.0689,27.0678,27.0675,27.0668,27.0636,27.0635,14.72,36.93,38.52,83.99,77.0,637.29,48.6,36.92,143.64,1.67,27.0875,27.0881,27.0884,27.0885,27.0888,27.0889,27.0892,27.0893,27.0955,27.0966,22.0,95.0,90.0,13.34,90.0,95.0,10.99,10.99,10.0,20.0
2021-08-20 00:00:54,LINKUSDT.HB,27.0551,27.0529,27.0522,27.0484,27.0482,27.0474,27.0461,27.0435,27.0427,27.0426,2.81,2.5,2.5,2.94,14.59,10.0,112.6,52.65,122.17,8.69,27.0647,27.0649,27.065,27.0652,27.0665,27.0692,27.0705,27.0706,27.0722,27.0723,95.0,14.4,105.6,424.14,3.01,18.48,73.92,20.0,10.88,10.0
2021-08-20 00:00:55,LINKUSDT.HB,27.0381,27.0377,27.0375,27.0348,27.033,27.0319,27.0315,27.0296,27.0292,27.0289,88.62,5.62,20.0,16.42,52.65,124.78,73.93,0.74,8.69,2.5,27.0483,27.0484,27.063,27.0631,27.0632,27.0633,27.0637,27.0639,27.0641,27.0646,351.6923279836441,0.56,14.4,5.59,22.0,10.88,95.0,10.88,95.0,10.88
2021-08-20 00:00:56,LINKUSDT.HB,27.0337,27.0294,27.0293,27.0292,27.0289,27.0285,27.0282,27.028,27.0272,27.0222,0.74,95.0,2.3,6.93,2.5,8.69,2.55,1.89,2.5,84.23,27.0436,27.0437,27.0449,27.0451,27.0476,27.0477,27.0478,27.0484,27.0538,27.055,41.24,87.60456224555072,2.6,95.0,62.06,10.88,23.571703096000412,0.56,32.4,115.0
2021-08-20 00:00:57,LINKUSDT.HB,27.0116,27.0086,27.0079,27.0066,27.005,27.0042,27.0041,27.0038,27.0024,27.0023,75.26,2.5,0.51,0.52,67.3,0.52,105.36,35.75,8.69,2.5,27.0282,27.0287,27.0288,27.0292,27.0319,27.0369,27.037,27.0375,27.0395,27.0414,95.0,332.18,4.89,0.2,67.5,10.88,10.88,16.96,55.2,5.0
2021-08-20 00:00:58,LINKUSDT.HB,27.0082,27.0069,27.0056,27.005,27.0042,27.0041,27.0024,27.0023,27.0012,27.0004,92.02,40.0,79.33,1.55,0.52,105.36,8.69,2.5,0.45,111.87,27.0197,27.0198,27.0199,27.02,27.0232,27.0244,27.0246,27.0262,27.0292,27.0304,11.89,5.26,10.88,10.88,67.5,55.2,152.0,5.0,0.2,16.42
2021-08-20 00:00:59,LINKUSDT.HB,27.0102,27.0051,27.005,27.0042,27.0039,27.0024,27.0023,27.0012,27.0001,27.0,47.48,0.36,1.55,0.52,20.0,8.69,2.5,0.45,104.37,509.35,27.0177,27.0179,27.018,27.0232,27.0243,27.0246,27.0292,27.0341,27.0359,27.0367,1.472892437180071,10.88,5.0,67.5,55.2,152.0,0.2,913.17,55.93,1.03
2021-08-20 00:01:00,LINKUSDT.HB,27.0051,27.005,27.0042,27.0028,27.0024,27.0023,27.0015,27.0012,27.0002,27.0001,95.0,1.55,0.52,20.0,8.69,2.5,40.0,0.45,2.33,104.37,27.0162,27.0163,27.0173,27.0177,27.0178,27.018,27.0232,27.0244,27.0262,27.0275,10.88,10.88,11.02,16.96,10.88,5.0,67.5,370.16,18.51,74.04
2021-08-20 00:01:01,LINKUSDT.HB,27.0093,27.0051,27.005,27.0042,27.0038,27.0025,27.0024,27.0023,27.0012,27.001,95.0,7.52,1.55,0.52,20.0,20.0,8.69,2.5,0.45,40.0,27.0156,27.0157,27.0177,27.018,27.0231,27.0232,27.0278,27.0292,27.0302,27.0315,9.78,9.78,16.96,5.0,3.63,67.5,55.2,0.2,18.5,74.02
2021-08-20 00:01:02,LINKUSDT.HB,27.043,27.0269,27.0268,27.0238,27.023,27.0209,27.0208,27.0207,27.0194,27.0177,9.99,178.96,95.0,14.2,31.68,16.42,90.0,92.02,11.45,8.51,27.0476,27.0484,27.0486,27.0601,27.0607,27.0632,27.0639,27.0661,27.0666,27.0678,111.99,0.56,3.08,55.2,0.74,24.5,70.0,3.55,2.5,36.26
2021-08-20 00:01:03,LINKUSDT.HB,27.049,27.0489,27.0439,27.0438,27.0437,27.0421,27.0404,27.0378,27.0311,27.0282,13.91,9.99,95.0,177.04,95.0,5.0,119.0,24.0,8.51,136.0,27.0606,27.0607,27.0632,27.0639,27.0642,27.0661,27.0666,27.0745,27.0769,27.0823,95.0,10.52,2.5,70.0,6.43,58.75,2.5,3.08,0.74,0.91
2021-08-20 00:01:04,LINKUSDT.HB,27.0405,27.032,27.0283,27.023,27.0221,27.0178,27.0175,27.0173,27.0164,27.0157,5.0,109.47,111.87,31.68,36.98,9.37,0.74,8.51,147.85,83.91,27.0501,27.0514,27.0515,27.0516,27.0529,27.053,27.0544,27.0589,27.059,27.0591,95.0,55.2,7.41,95.0,90.0,9.78,67.5,6.6,9.78,2.74
2021-08-20 00:01:05,LINKUSDT.HB,27.032,27.0233,27.0231,27.023,27.0221,27.0208,27.0175,27.0173,27.0164,27.0157,59.77,16.42,179.99,31.68,36.98,1.48,39.33,8.51,147.85,83.91,27.0494,27.0495,27.0514,27.0544,27.0604,27.0605,27.0607,27.0632,27.0639,27.0642,7.41,1.54,55.2,67.5,62.06,16.96,0.74,2.5,2.5,6.43
2021-08-20 00:01:06,LINKUSDT.HB,27.0247,27.0234,27.0233,27.0232,27.0231,27.023,27.0221,27.021,27.0208,27.0176,95.0,62.06,65.45,6.87,120.41,31.68,36.98,16.42,1.48,179.17,27.0479,27.0493,27.0495,27.0518,27.0544,27.0607,27.0632,27.0639,27.0642,27.0661,13.860204082387172,16.96,1.54,55.2,67.5,0.74,2.5,2.5,6.43,3.55
2021-08-20 00:01:07,LINKUSDT.HB,27.0325,27.0312,27.0311,27.0307,27.0306,27.0303,27.0258,27.0252,27.0235,27.0234,95.0,90.0,95.0,0.95,5.4,5.0,18.49,9.96,30.0,62.06,27.0463,27.0477,27.0492,27.0493,27.0544,27.0602,27.0604,27.0607,27.0611,27.0615,0.86,55.002694129260526,13.020069909646129,16.96,67.5,18.49,120.0,0.74,0.77,73.96
2021-08-20 00:01:08,LINKUSDT.HB,27.0347,27.0346,27.0325,27.0312,27.03,27.0295,27.0258,27.023,27.0221,27.021,3.42,8.0,95.0,90.0,120.0,10.0,10.16,31.68,36.98,16.42,27.0473,27.0474,27.0516,27.0544,27.0597,27.0604,27.0606,27.0607,27.0611,27.0625,1.6399660594588,68.27225219429594,1.2,67.5,60.0,40.0,50.0,0.74,0.77,73.96
2021-08-20 00:01:09,LINKUSDT.HB,27.0297,27.0296,27.023,27.0221,27.0216,27.0177,27.0176,27.0175,27.0173,27.0164,0.35,2.06,31.68,36.98,10.16,111.87,179.17,0.74,8.51,186.44,27.0442,27.0456,27.0457,27.0458,27.0459,27.046,27.0474,27.0607,27.0611,27.0624,2.15,1.65,67.5,17.88,95.0,55.2,13.07225219429594,0.74,0.77,55.09
2021-08-20 00:01:10,LINKUSDT.HB,27.023,27.0221,27.0175,27.0173,27.0164,27.0141,27.0129,27.0116,27.0087,27.0086,27.43,36.98,0.74,8.51,186.44,27.93,182.38,3.08,4.33,2.5,27.0407,27.042,27.0421,27.0434,27.0437,27.0439,27.0457,27.0584,27.0607,27.0611,95.0,55.2,95.0,17.55,13.3,62.06,67.5,54.7,0.74,0.77
2021-08-20 00:01:11,LINKUSDT.HB,27.0249,27.0235,27.0234,27.0233,27.023,27.0222,27.0221,27.0191,27.0175,27.0173,5.16,62.06,3.89,95.0,27.43,345.63,36.98,115.0,0.74,8.51,27.0435,27.0436,27.0437,27.0439,27.0457,27.0458,27.0607,27.0632,27.0639,27.0661,3.67,13.070441583221168,13.07,62.06,55.2,67.5,0.74,2.11,2.5,3.55
2021-08-20 00:01:12,LINKUSDT.HB,27.0258,27.0257,27.0235,27.0234,27.023,27.0221,27.0198,27.0175,27.0173,27.0164,9.02,95.0,62.06,3.89,27.43,36.98,24.0,0.74,8.51,186.44,27.0433,27.0434,27.0458,27.0488,27.0607,27.0626,27.0632,27.0639,27.0661,27.0666,12.630665451331751,12.429951189569358,67.5,55.2,0.74,0.77,2.11,2.5,3.55,2.5
2021-08-20 00:01:13,LINKUSDT.HB,27.0234,27.0233,27.023,27.0221,27.0183,27.0178,27.0175,27.0173,27.0164,27.0158,0.67,9.13,27.43,36.98,8.88,199.58,0.74,8.51,186.44,18.49,27.043,27.0433,27.0458,27.0492,27.0602,27.0603,27.0607,27.0624,27.0626,27.0632,55.2,12.201073204823375,67.5,18.49,3.12,103.0,0.74,55.38,0.77,2.11
2021-08-20 00:01:14,LINKUSDT.HB,27.0265,27.0264,27.0261,27.0259,27.023,27.0221,27.0178,27.0175,27.0173,27.0171,9.41,95.0,0.67,53.09,27.43,36.98,208.46,0.74,8.51,40.0,27.0404,27.0405,27.0412,27.0435,27.0458,27.0476,27.0477,27.0483,27.0514,27.0515,421.02,2.48,5.0,52.87,67.5,30.0,40.0,40.0,314.26,73.98
2021-08-20 00:01:15,LINKUSDT.HB,27.0175,27.013,27.0129,27.0124,27.0116,27.0098,27.0095,27.0091,27.0086,27.0076,0.74,3.86,182.38,37.0,3.08,38.6,10.0,40.0,2.5,111.87,27.026,27.0344,27.0346,27.0347,27.0353,27.0357,27.0358,27.0371,27.0372,27.0378,382.65,95.0,60.37,200.0,200.0,90.0,95.0,67.5,18.5,7.48
2021-08-20 00:01:16,LINKUSDT.HB,27.0117,27.0116,27.0086,27.005,27.0048,27.0042,27.004,27.0039,27.0038,27.0024,0.67,2.94,2.5,1.55,37.0,0.52,8.51,37.02,9.37,8.69,27.0253,27.0256,27.0258,27.026,27.0262,27.0287,27.0344,27.0345,27.0346,27.0347,7.48,90.0,42.91,435.52,18.5,67.5,95.0,74.02,60.37,200.0
2021-08-20 00:01:17,LINKUSDT.HB,27.005,27.0042,27.0024,27.0023,27.0012,27.0,26.9995,26.9992,26.9985,26.9957,2.08,0.52,8.69,2.5,0.45,429.35,1.02,1.46,0.24,10.09,27.0169,27.017,27.0172,27.0174,27.0182,27.0222,27.0226,27.024,27.0263,27.0272,7.48,3.66,32.07,373.49,52.87,12.2,40.0,5.0,160.0,18.51
2021-08-20 00:01:18,LINKUSDT.HB,27.0052,27.0051,27.005,27.0042,27.0024,27.0023,27.0012,27.0002,27.0,26.9995,95.0,4.73,1.55,0.52,8.69,2.5,0.45,59.41,429.35,1.02,27.0156,27.0159,27.0161,27.0199,27.0222,27.0226,27.0244,27.0283,27.0284,27.0292,7.04,1.55,5.0,22.0,12.2,40.0,52.87,40.0,36.45,18.51
2021-08-20 00:01:19,LINKUSDT.HB,27.0116,27.0055,27.0054,27.0053,27.005,27.0042,27.0027,27.0026,27.0024,27.0023,13.68,0.53,4.76,6.32,1.55,0.52,5.6,50.0,8.69,2.5,27.0186,27.0187,27.0188,27.0195,27.0198,27.0276,27.0284,27.0292,27.0305,27.0306,7.48,95.0,52.87,95.0,5.0,10.0,36.45,18.51,64.04,20.0
2021-08-20 00:01:20,LINKUSDT.HB,27.0233,27.0231,27.023,27.0229,27.0228,27.0211,27.0173,27.0168,27.0159,27.0158,95.0,62.06,171.5,59.41,140.0,95.0,67.5,24.0,0.23,141.0,27.043,27.0434,27.0476,27.0485,27.0486,27.0491,27.0529,27.0536,27.0537,27.0577,0.43,3.19,22.0,0.46,3.08,52.87,0.77,90.0,68.34,0.77
2021-08-20 00:01:21,LINKUSDT.HB,27.0302,27.0274,27.0273,27.0272,27.0268,27.0248,27.0246,27.0235,27.0231,27.023,36.98,109.4,59.41,25.94,24.0,95.0,147.9,4.76,62.06,157.1,27.043,27.0486,27.0521,27.0535,27.0576,27.0577,27.0585,27.0607,27.0632,27.0639,0.43,3.08,52.87,5.0,1.5,74.78,36.45,0.74,2.11,2.5
2021-08-20 00:01:22,LINKUSDT.HB,27.0313,27.0312,27.0302,27.0281,27.0274,27.0268,27.0246,27.0235,27.023,27.022,14.4,0.53,36.98,59.41,95.0,24.0,147.9,4.76,157.1,16.42,27.0504,27.0505,27.0515,27.0565,27.0575,27.0577,27.0585,27.0607,27.0632,27.0639,7.48,52.87,95.0,12.2,5.0,74.78,36.45,0.74,2.11,2.5
2021-08-20 00:01:23,LINKUSDT.HB,27.0303,27.0302,27.0247,27.0246,27.0218,27.0217,27.0175,27.0173,27.0165,27.0116,0.53,36.98,0.74,147.9,1.08,59.41,258.63,67.5,38.6,161.6,27.0416,27.0417,27.0429,27.043,27.0431,27.0459,27.0474,27.05,27.052,27.0565,7.48,95.0,22.0,52.87,95.0,3.91,2.99,5.0,141.0,12.2
2021-08-20 00:01:24,LINKUSDT.HB,27.0176,27.0116,27.0061,27.0052,27.005,27.0043,27.0042,27.0038,27.0027,27.0024,3.12,16.76,59.41,12.14,1.55,67.5,0.52,24.0,36.4,8.69,27.0291,27.0301,27.0312,27.0358,27.0371,27.0372,27.038,27.0385,27.0395,27.0396,117.0,9.74,95.0,2.05,90.0,142.87,131.0,62.06,5.0,99.07
2021-08-20 00:01:25,LINKUSDT.HB,27.0051,27.005,27.0048,27.0042,27.0024,27.0023,27.0012,27.0001,27.0,26.9999,4.76,1.55,97.0,0.52,8.69,119.52,0.45,2.13,429.35,59.41,27.0175,27.0186,27.0212,27.025,27.0267,27.0285,27.0289,27.0309,27.031,27.0342,1.88,15.81,52.87,3.07,150.0,36.45,5.0,79.5,6.43,120.0
2021-08-20 00:01:26,LINKUSDT.HB,27.0059,27.0051,27.005,27.0042,27.0026,27.0024,27.0023,27.0012,27.0,26.9995,5.64,4.76,1.55,0.52,59.41,8.69,39.52,0.45,429.35,1.02,27.0202,27.0203,27.0215,27.0216,27.0237,27.0247,27.025,27.0285,27.0309,27.031,15.81,95.0,167.0,1.44,22.0,52.87,5.0,36.45,79.5,3.7
2021-08-20 00:01:27,LINKUSDT.HB,27.0081,27.0069,27.0068,27.0067,27.0058,27.0054,27.0051,27.005,27.0042,27.0027,95.0,90.0,202.3,95.0,24.0,59.41,4.76,1.55,0.52,2.89,27.0284,27.0369,27.0378,27.0379,27.038,27.0382,27.0417,27.0432,27.0445,27.0467,5.0,22.0,16.02,21.19,131.0,52.87,6.42,36.45,84.81,37.01
2021-08-20 00:01:28,LINKUSDT.HB,27.0089,27.0088,27.0082,27.0069,27.0068,27.0067,27.0058,27.0051,27.005,27.0042,5.86,1.67,42.19,90.0,202.3,95.0,24.0,4.76,1.55,0.52,27.0282,27.0284,27.0292,27.0313,27.0379,27.0417,27.0431,27.0432,27.0445,27.0467,1.62,5.0,52.87,22.0,21.19,6.42,6.18,36.45,84.81,37.01
2021-08-20 00:01:29,LINKUSDT.HB,27.0115,27.0082,27.0052,27.0051,27.005,27.0042,27.0028,27.0025,27.0024,27.0023,37.01,42.19,5.86,64.17,1.55,0.52,24.0,115.25,8.69,2.5,27.0237,27.0238,27.0255,27.0256,27.0271,27.0417,27.0431,27.0432,27.0445,27.0467,16.02,95.0,95.0,52.87,140.0,6.42,21.19,36.45,84.81,37.01
2021-08-20 00:01:30,LINKUSDT.HB,27.0116,27.0115,27.0109,27.0082,27.0058,27.0051,27.005,27.0042,27.0039,27.0025,5.86,37.01,59.41,42.19,24.0,4.76,1.55,0.52,67.5,115.25,27.027,27.0271,27.0289,27.0309,27.0417,27.0431,27.0432,27.0445,27.0467,27.0508,11.71,140.0,5.0,52.87,6.42,21.19,36.45,84.81,37.01,15.0
2021-08-20 00:01:31,LINKUSDT.HB,27.0118,27.0116,27.0115,27.0108,27.0095,27.0093,27.008,27.0078,27.0058,27.0051,1.65,0.51,37.01,20.0,30.0,40.0,59.41,37.0,24.0,4.76,27.0247,27.026,27.0261,27.0263,27.0271,27.0273,27.0382,27.0417,27.0431,27.0432,95.0,16.02,1.95,95.0,140.0,52.87,18.5,6.42,21.19,36.45
2021-08-20 00:01:32,LINKUSDT.HB,27.0188,27.0184,27.0168,27.0155,27.0117,27.0115,27.0088,27.0075,27.0051,27.005,40.0,40.0,18.5,2.69,59.41,37.01,24.0,74.0,4.76,1.55,27.0271,27.0339,27.034,27.0417,27.0422,27.0431,27.0432,27.0444,27.0445,27.0455,140.0,5.16,52.87,6.42,18.5,21.19,36.45,0.77,84.81,74.01
2021-08-20 00:01:33,LINKUSDT.HB,27.012,27.0115,27.0093,27.0059,27.005,27.0042,27.0038,27.0024,27.0023,27.0012,1.54,37.01,2.28,13.68,1.55,0.52,147.99,8.69,2.5,0.45,27.0189,27.0202,27.0212,27.0225,27.0227,27.0239,27.024,27.0264,27.0271,27.0298,10.0,22.0,95.0,8.2,95.0,1.99,52.87,93.12,229.74,36.45
2021-08-20 00:01:34,LINKUSDT.HB,27.005,27.0042,27.0024,27.0023,27.0012,27.0001,27.0,26.9995,26.9992,26.9985,1.55,0.52,8.69,2.5,0.45,0.83,462.39,1.02,1.46,0.24,27.0117,27.0118,27.0154,27.0157,27.016,27.0189,27.0264,27.0271,27.0298,27.0431,3.23,36.4,95.0,52.87,245.0,10.0,90.0,229.74,36.45,15.0
2021-08-20 00:01:35,LINKUSDT.HB,27.005,27.0042,27.0024,27.0023,27.0012,27.0001,27.0,26.9995,26.9992,26.9985,1.55,0.52,8.69,2.5,0.45,0.83,479.35,1.02,1.46,0.24,27.0117,27.0118,27.0154,27.016,27.0161,27.0189,27.0271,27.0298,27.0354,27.0359,108.23,36.4,95.0,150.0,52.87,5.0,229.74,36.45,15.0,15.0
2021-08-20 00:01:36,LINKUSDT.HB,27.005,27.0042,27.0024,27.0023,27.0012,27.0001,27.0,26.9995,26.9992,26.9985,1.55,0.52,8.69,2.5,0.45,0.83,479.35,1.02,1.46,0.24,27.0117,27.0118,27.0154,27.016,27.0161,27.0162,27.0271,27.0298,27.0305,27.0354,108.23,36.4,95.0,150.0,5.0,52.87,229.74,36.45,37.03,15.0
2021-08-20 00:01:37,LINKUSDT.HB,27.005,27.0042,27.0024,27.0023,27.0012,27.0,26.9995,26.9992,26.9985,26.9952,1.55,0.52,8.69,2.5,0.45,479.35,1.02,1.46,0.24,37.03,27.0051,27.0116,27.0117,27.0118,27.0139,27.0154,27.016,27.0161,27.0213,27.0232,135.0,3.82,95.0,36.4,52.87,95.0,150.0,5.0,10.0,37.04
2021-08-20 00:01:38,LINKUSDT.HB,26.9948,26.9947,26.988,26.9878,26.9865,26.9858,26.9849,26.9845,26.9835,26.9834,0.19,3.15,90.0,1.38,0.57,3.08,20.0,0.25,124.96,55.07,27.0049,27.005,27.0051,27.0107,27.0116,27.0117,27.0118,27.0126,27.0143,27.015,2.22,90.0,125.0,52.87,88.07,95.0,36.4,20.0,10.0,40.0
2021-08-20 00:01:39,LINKUSDT.HB,26.9949,26.9948,26.9947,26.9879,26.9878,26.9876,26.9875,26.9869,26.9865,26.9858,0.04,1.3,3.15,8.74,0.27,60.0,37.04,37.04,0.57,3.08,27.0044,27.0049,27.0115,27.0116,27.0117,27.0118,27.0149,27.0152,27.0153,27.016,3.99,1.55,5.0,52.87,95.0,36.4,87.75,18.52,37.05,150.0
2021-08-20 00:01:40,LINKUSDT.HB,26.9879,26.9878,26.9865,26.9858,26.9845,26.9823,26.9813,26.9812,26.9811,26.9786,8.18,0.27,0.57,3.08,0.25,0.22,0.37,59.41,2.91,37.05,26.9983,26.9992,26.9996,26.9999,27.0008,27.0024,27.0044,27.0047,27.0103,27.0114,95.0,22.0,52.87,95.0,3.99,0.67,90.0,16.96,16.42,1.49
2021-08-20 00:01:41,LINKUSDT.HB,26.9665,26.965,26.964,26.9617,26.961,26.9607,26.9606,26.9605,26.9599,26.9571,2.55,5.19,0.8,2.5,1.89,0.67,7.47,91.16,3.08,0.87,26.9666,26.9741,26.9755,26.976,26.9773,26.9819,26.9823,26.9864,26.9883,26.9945,90.26,88.52,52.87,95.0,90.0,95.0,141.0,90.0,36.45,90.0
2021-08-20 00:01:42,LINKUSDT.HB,26.9529,26.9524,26.9516,26.9511,26.9493,26.9437,26.9431,26.9417,26.9416,26.9409,1.05,2.5,0.21,0.85,1.02,0.41,59.41,118.99,2.0,6.75,26.9634,26.9635,26.9648,26.965,26.9689,26.974,26.9741,26.9751,26.9759,26.9773,12.4,82.6,90.0,95.0,52.87,102.94,88.52,36.45,4.44,90.0
2021-08-20 00:01:43,LINKUSDT.HB,26.9516,26.9511,26.9437,26.9416,26.9414,26.9409,26.9403,26.94,26.9389,26.9385,0.21,0.85,0.41,2.0,0.79,6.75,0.22,54.13,0.22,67.5,26.9529,26.9591,26.9606,26.9633,26.974,26.9751,26.9752,26.98,26.9822,26.9823,2.46,52.87,95.0,56.71,102.94,36.45,6.41,15.0,315.25,141.0
2021-08-20 00:01:44,LINKUSDT.HB,26.9474,26.9416,26.9409,26.9403,26.9401,26.94,26.9389,26.9382,26.9376,26.9367,0.74,2.0,6.75,0.22,5.0,54.13,0.22,2.5,55.36,0.31,26.9524,26.9529,26.9576,26.9597,26.9633,26.9664,26.9738,26.9751,26.9752,26.98,5.84,2.46,122.51,22.0,56.71,102.0,15.0,36.45,6.41,15.0
2021-08-20 00:01:45,LINKUSDT.HB,26.953,26.9476,26.9474,26.947,26.9449,26.9445,26.9419,26.9416,26.9409,26.9406,16.04,95.0,0.74,59.41,18.54,74.19,120.0,2.0,74.25,160.0,26.9658,26.9659,26.966,26.9662,26.9667,26.9737,26.9743,26.9751,26.9756,26.9759,95.0,2.56,5.84,56.71,52.87,68.04,10.0,36.45,100.0,80.0
2021-08-20 00:01:46,LINKUSDT.HB,26.9368,26.9367,26.9343,26.9342,26.9341,26.9339,26.9331,26.9324,26.9309,26.9308,1.16,0.31,3.81,1.95,0.62,5.89,2.62,0.19,12.57,2.69,26.9472,26.9473,26.9477,26.9478,26.9494,26.9498,26.9567,26.9568,26.9631,26.9662,5.78,95.0,371.58,95.0,52.87,67.5,91.86,102.0,22.0,56.71
2021-08-20 00:01:47,LINKUSDT.HB,26.9553,26.9383,26.9382,26.9369,26.9368,26.9355,26.9347,26.9342,26.9341,26.9339,8.93,403.09,95.0,147.08,95.0,62.06,59.41,1.95,0.62,5.89,26.9585,26.9683,26.9694,26.9718,26.9721,26.9779,26.9811,26.9812,26.982,26.9823,6.51,52.87,98.23,67.5,16.42,6.41,112.32,315.75,15.0,141.0
2021-08-20 00:01:48,LINKUSDT.HB,26.9438,26.9428,26.9405,26.9382,26.9369,26.9368,26.9359,26.9355,26.9342,26.9341,22.0,14.75,8.51,95.0,130.79,95.0,59.41,62.06,1.95,0.62,26.9563,26.9564,26.9565,26.9609,26.9625,26.9658,26.9694,26.9721,26.9765,26.9773,1.54,2.18,95.0,52.87,67.5,56.71,98.23,16.42,6.41,37.13
2021-08-20 00:01:49,LINKUSDT.HB,26.9571,26.9561,26.955,26.9509,26.9461,26.9441,26.9405,26.9369,26.9342,26.9341,22.0,21.35,59.41,24.0,1.54,37.09,8.51,130.79,1.95,0.62,26.9758,26.9771,26.9772,26.9773,26.9822,26.9823,26.9829,26.9883,26.989,26.9908,95.0,301.3,53.37,95.0,96.42,9.0,67.5,8.69,8.69,37.1
2021-08-20 00:01:50,LINKUSDT.HB,26.9797,26.9662,26.9651,26.964,26.9628,26.9618,26.9617,26.9616,26.9566,26.9538,22.74,19.7,61.27,95.0,1.86,3.17,95.0,66.68,147.0,8.51,26.982,26.9823,26.9883,26.989,26.9914,26.9919,26.9928,26.996,26.9966,27.0012,1.5,9.0,8.69,8.69,67.5,2.5,52.87,2.5,3.08,2.18
2021-08-20 00:01:51,LINKUSDT.HB,26.9862,26.9852,26.9851,26.9809,26.9798,26.9797,26.9766,26.9759,26.9746,26.9689,22.0,14.7,0.74,5.04,63.27,0.74,10.0,37.04,59.41,40.0,26.9919,26.996,26.9962,26.9966,27.0012,27.0013,27.0016,27.0017,27.0021,27.0023,2.5,2.5,1.62,3.08,2.18,0.74,22.0,61.56,18.52,67.5
2021-08-20 00:01:52,LINKUSDT.HB,26.9798,26.9797,26.9691,26.9659,26.9651,26.964,26.961,26.9609,26.9571,26.9564,35.45,0.74,59.41,19.7,8.51,95.0,115.2,20.0,37.07,55.4,26.9882,26.9919,26.9931,26.9959,26.996,26.9962,26.9965,26.9966,27.001,27.0013,1.93,70.0,52.87,2.18,2.5,6.39,106.72,3.08,22.0,0.74
2021-08-20 00:01:53,LINKUSDT.HB,26.9798,26.9797,26.9712,26.9699,26.968,26.9679,26.9651,26.964,26.961,26.9571,0.33,0.74,59.41,24.0,14.97,80.0,8.51,95.0,115.2,37.07,26.9882,26.9919,26.9959,26.996,26.9966,27.0006,27.001,27.0013,27.0023,27.0024,1.93,2.5,6.8,2.5,3.08,67.5,22.0,0.74,106.87,8.69
2021-08-20 00:01:54,LINKUSDT.HB,26.9797,26.9693,26.9692,26.9689,26.9687,26.9672,26.9651,26.964,26.9611,26.9564,0.74,1.21,14.97,40.0,59.41,113.98,8.51,95.0,346.17,55.4,26.9876,26.9877,26.9882,26.9916,26.9917,26.9919,26.996,26.9966,26.9986,27.0013,4.5,95.0,1.93,52.87,67.5,2.5,2.5,3.08,22.0,0.74
2021-08-20 00:01:55,LINKUSDT.HB,26.9716,26.9715,26.9714,26.9695,26.9672,26.9651,26.964,26.9619,26.9579,26.9564,1.95,2.41,16.19,37.06,113.98,8.51,95.0,80.0,24.0,55.4,26.9864,26.9867,26.9868,26.9881,26.9882,26.9896,26.9917,26.9919,26.9944,26.996,22.0,6.91,95.0,106.25,95.0,52.87,67.5,2.5,137.0,2.5
2021-08-20 00:01:56,LINKUSDT.HB,26.9721,26.9673,26.9672,26.964,26.9619,26.9588,26.9586,26.9564,26.9559,26.9556,31.33,4.3,113.98,95.0,80.0,59.41,37.08,55.4,55.55,148.22,26.9767,26.983,26.9831,26.9846,26.9851,26.9919,26.9943,26.9944,26.996,26.9966,7.775858425975008,2.82,67.5,52.87,95.0,2.5,106.07,137.0,2.5,3.08
2021-08-20 00:01:57,LINKUSDT.HB,26.9676,26.9591,26.9587,26.9586,26.9559,26.9556,26.9512,26.9511,26.9507,26.9505,2.63,1.67,0.85,37.08,37.08,148.22,108.13,8.51,59.41,74.16,26.9739,26.9752,26.9762,26.9763,26.9766,26.9767,26.9794,26.9801,26.9815,26.9831,95.0,22.0,10.05,95.0,0.27,7.775858425975008,52.87,18.53,74.15,67.5
2021-08-20 00:01:58,LINKUSDT.HB,26.9599,26.9598,26.9594,26.9586,26.9559,26.9546,26.9526,26.9519,26.9512,26.9511,11.52,4.18,31.33,37.08,40.0,30.0,59.41,37.06,108.13,8.51,26.9721,26.9722,26.9787,26.9831,26.9836,26.9838,26.9861,26.9863,26.9864,26.9875,3.08,17.78,52.87,67.5,100.0,80.0,18.53,110.0,6.39,74.14
2021-08-20 00:01:59,LINKUSDT.HB,26.962,26.96,26.9599,26.9598,26.9589,26.9588,26.9587,26.9586,26.9579,26.9578,1.14,1.67,24.0,95.0,37.06,67.06,11.83,30.35,100.0,80.0,26.9774,26.9775,26.978,26.9784,26.9808,26.9831,26.9839,26.9861,26.9864,26.9897,9.43,0.68,22.0,95.0,95.0,67.5,52.87,18.53,6.39,40.0
2021-08-20 00:02:00,LINKUSDT.HB,26.9602,26.9523,26.9522,26.9519,26.9511,26.9505,26.9489,26.9482,26.9475,26.9464,0.4,2.16,2.81,37.06,8.51,38.67,12.56,37.09,74.14,77.35,26.9694,26.9695,26.9705,26.9717,26.9736,26.9746,26.9767,26.9807,26.9815,26.9833,0.68,22.0,95.0,95.0,52.87,67.5,119.03,120.0,74.16,120.0
2021-08-20 00:02:01,LINKUSDT.HB,26.9396,26.9395,26.9381,26.9376,26.9373,26.9354,26.9349,26.9347,26.9342,26.9341,1.68,95.0,8.51,148.24,77.37,8.69,24.0,8.69,1.95,0.62,26.9572,26.9573,26.9578,26.9606,26.9619,26.9647,26.9658,26.966,26.9767,26.9803,22.0,15.08,67.5,95.0,3.43,40.0,52.87,133.0,103.62,139.0
2021-08-20 00:02:02,LINKUSDT.HB,26.9347,26.9342,26.9341,26.9339,26.9331,26.9324,26.9308,26.9292,26.9283,26.9274,8.69,1.95,0.62,5.89,2.62,0.19,2.69,1.49,0.64,2.5,26.9413,26.942,26.9435,26.9468,26.9487,26.9534,26.9577,26.966,26.9665,26.9685,15.08,95.0,95.0,52.87,67.5,117.0,98.7,133.0,37.12,181.87
2021-08-20 00:02:03,LINKUSDT.HB,26.9342,26.9341,26.9339,26.9331,26.9324,26.9308,26.9292,26.9283,26.9274,26.9255,1.95,0.62,5.89,2.62,0.19,2.69,1.49,0.64,2.5,2.62,26.9456,26.9458,26.9459,26.9487,26.9534,26.9576,26.9577,26.966,26.9665,26.9749,22.0,95.0,15.08,67.5,117.0,52.87,98.7,133.0,37.12,8.69
2021-08-20 00:02:04,LINKUSDT.HB,26.9343,26.9342,26.9341,26.9339,26.9331,26.9324,26.9308,26.9293,26.9292,26.9283,3.08,1.95,0.62,5.89,2.62,0.19,2.69,0.54,1.49,0.64,26.9457,26.9458,26.9487,26.9516,26.9518,26.9551,26.9577,26.966,26.9665,26.9719,3.85,95.0,67.5,20.0,52.87,6.39,98.7,133.0,37.12,15.0
2021-08-20 00:02:05,LINKUSDT.HB,26.9204,26.9188,26.9161,26.916,26.915,26.9147,26.9146,26.9144,26.9139,26.9137,0.74,0.41,0.92,22.0,272.02,2.5,3.62,1.36,0.57,5.31,26.9286,26.9287,26.929,26.9294,26.9296,26.9327,26.9329,26.9366,26.9392,26.9404,0.72,12.04,95.0,371.58,67.5,52.87,121.0,100.0,95.0,95.47
2021-08-20 00:02:06,LINKUSDT.HB,26.9205,26.915,26.9147,26.9146,26.9144,26.9139,26.9137,26.9129,26.9127,26.9117,2.66,271.97,2.5,3.62,1.36,0.57,5.31,1.17,0.36,0.51,26.9257,26.9265,26.9296,26.9305,26.9329,26.9336,26.9373,26.9391,26.9399,26.9404,95.0,11.08,67.5,52.87,121.0,20.0,40.0,18.57,0.77,95.47
2021-08-20 00:02:07,LINKUSDT.HB,26.9205,26.9151,26.915,26.9147,26.9146,26.9144,26.914,26.9139,26.9137,26.9129,2.66,11.16,271.97,2.5,3.62,1.36,20.0,0.57,15.31,1.17,26.9302,26.9315,26.9316,26.9324,26.9366,26.9378,26.9403,26.9404,26.9405,26.9442,95.0,11.58,22.0,95.0,40.0,67.5,10.0,95.47,52.87,0.77
2021-08-20 00:02:08,LINKUSDT.HB,26.9151,26.915,26.9147,26.9146,26.9144,26.9139,26.9137,26.9129,26.9127,26.9117,4.31,271.97,2.5,3.62,1.36,0.57,5.31,1.17,0.36,0.51,26.9282,26.9285,26.93,26.9302,26.933,26.9378,26.9386,26.9404,26.9443,26.9548,2.13,10.72,3.77,95.0,37.4,67.5,80.0,95.47,6.39,110.0
2021-08-20 00:02:09,LINKUSDT.HB,26.9161,26.916,26.9152,26.915,26.9147,26.9146,26.9144,26.9139,26.9137,26.9132,3.35,11.16,62.06,271.97,2.5,3.62,1.36,0.57,5.31,59.41,26.9323,26.9324,26.9337,26.9338,26.934,26.9371,26.9378,26.9386,26.9423,26.9434,22.0,95.0,10.72,3.08,95.0,52.87,67.5,80.0,128.0,5.11
2021-08-20 00:02:10,LINKUSDT.HB,26.9151,26.915,26.9147,26.9146,26.9144,26.9139,26.9137,26.9129,26.9127,26.9117,1.77,271.97,2.5,3.62,1.36,0.57,5.31,1.17,0.36,0.51,26.9255,26.9263,26.9298,26.9345,26.9401,26.9423,26.9476,26.9516,26.9535,26.954,10.72,95.0,67.5,147.39,0.77,128.0,56.45,55.93,15.0,15.0
2021-08-20 00:02:11,LINKUSDT.HB,26.9255,26.9161,26.916,26.9154,26.915,26.9147,26.9146,26.9144,26.9139,26.9137,0.22,8.4,1.67,62.06,271.97,2.5,3.62,1.36,0.57,5.31,26.9312,26.9324,26.9325,26.9329,26.9345,26.9346,26.9381,26.9422,26.9547,26.9548,95.0,343.01,11.43,146.08,40.0,52.87,67.5,108.38,100.0,110.0
2021-08-20 00:02:12,LINKUSDT.HB,26.9171,26.917,26.9169,26.9168,26.9162,26.9154,26.915,26.9147,26.9146,26.9144,59.41,157.06,332.14,95.0,444.15,14.42,271.97,2.5,3.62,1.36,26.9351,26.9354,26.9377,26.9381,26.9414,26.9438,26.9441,26.9445,26.9546,26.9547,0.57,1.57,22.0,67.5,6.38,143.0,18.56,40.0,109.88,100.0
2021-08-20 00:02:13,LINKUSDT.HB,26.9185,26.9184,26.9183,26.9182,26.9174,26.917,26.9151,26.915,26.9147,26.9146,9.44,0.39,2.14,350.84,0.39,62.06,40.0,271.97,2.5,3.62,26.9262,26.9331,26.9332,26.934,26.9341,26.9343,26.9375,26.9381,26.9396,26.9414,0.33,6.23,22.0,0.71,95.0,52.87,40.0,67.5,40.0,6.38
2021-08-20 00:02:14,LINKUSDT.HB,26.9187,26.9186,26.9182,26.9179,26.9151,26.915,26.9147,26.9146,26.9144,26.9139,9.44,444.15,350.84,37.12,40.0,271.97,2.5,3.62,1.36,0.57,26.9253,26.9318,26.9374,26.9375,26.9381,26.9391,26.9396,26.9423,26.9441,26.9494,0.33,95.0,3.71,40.0,67.5,52.87,40.0,40.0,18.56,100.0
2021-08-20 00:02:15,LINKUSDT.HB,26.9341,26.933,26.9306,26.9279,26.9261,26.9256,26.9243,26.9241,26.9189,26.9188,362.11,95.0,59.41,20.0,9.99,37.12,8.51,62.06,113.14,6.32,26.9548,26.9558,26.9571,26.9572,26.9579,26.9598,26.9599,26.9601,26.9605,26.9606,22.0,95.0,8.63,52.87,2.13,73.88,0.71,112.32,40.0,60.0
2021-08-20 00:02:16,LINKUSDT.HB,26.9343,26.9342,26.9341,26.9279,26.9266,26.9243,26.9241,26.9189,26.9188,26.9151,2.78,9.99,1.26,20.0,59.41,8.51,62.06,113.14,6.32,84.37,26.9483,26.9496,26.9497,26.951,26.9511,26.9547,26.9598,26.9605,26.9606,26.9632,95.0,34.44,95.0,52.87,1.96,1.55,73.88,40.0,60.0,2.5
2021-08-20 00:02:17,LINKUSDT.HB,26.9362,26.9361,26.936,26.9357,26.9355,26.9344,26.9342,26.9339,26.9269,26.9256,9.44,62.06,433.55,457.84,37.11,9.99,59.41,24.0,16.42,127.95,26.9572,26.9573,26.9586,26.9588,26.959,26.9602,26.9624,26.9632,26.9636,26.9649,22.0,247.0,8.36,95.0,52.87,30.07,67.5,2.5,40.0,94.15
2021-08-20 00:02:18,LINKUSDT.HB,26.937,26.9369,26.9367,26.9365,26.9361,26.9355,26.9279,26.9274,26.9256,26.9255,9.44,442.53,0.43,9.99,62.06,37.11,20.0,59.41,127.95,148.44,26.9484,26.9546,26.9547,26.956,26.9571,26.9573,26.9602,26.9604,26.9632,26.9649,95.0,7.31,67.5,52.87,0.86,152.0,30.07,80.0,2.5,94.15
2021-08-20 00:02:19,LINKUSDT.HB,26.9375,26.9374,26.9372,26.9371,26.9369,26.9363,26.9329,26.9299,26.9255,26.9243,413.85,62.06,426.22,0.44,0.88,0.45,59.41,24.0,148.44,8.51,26.9491,26.9495,26.9497,26.9556,26.9557,26.9565,26.9571,26.9573,26.9576,26.9602,0.86,94.62893560177368,0.94,9.94,1.02,67.5,3.41,152.0,20.0,30.07
2021-08-20 00:02:20,LINKUSDT.HB,26.947,26.9442,26.9441,26.944,26.9427,26.9425,26.9411,26.9399,26.9392,26.9389,391.53,40.0,37.1,40.0,40.0,59.41,95.0,37.08,128.66,14.16,26.9571,26.9602,26.9656,26.9666,26.9706,26.9707,26.9714,26.9716,26.9724,26.9725,3.41,30.07,74.87,67.5,7.5,3.08,80.0,140.0,94.22,2.5
2021-08-20 00:02:21,LINKUSDT.HB,26.9472,26.9471,26.9469,26.9455,26.9441,26.944,26.9427,26.9421,26.9419,26.9392,49.63,402.61,37.08,74.18,37.1,40.0,40.0,59.41,24.0,128.66,26.9644,26.9656,26.9666,26.9706,26.9707,26.9714,26.9716,26.9719,26.9724,26.9725,95.0,22.0,67.5,9.78,3.08,80.0,140.0,52.87,94.22,2.5
2021-08-20 00:02:22,LINKUSDT.HB,26.959,26.9589,26.9485,26.9472,26.947,26.9469,26.9459,26.9457,26.9455,26.9454,1.96,3.66,95.0,80.0,100.0,37.08,24.0,100.0,74.16,95.0,26.9686,26.9696,26.9707,26.9723,26.9725,26.9731,26.9742,26.9756,26.9785,26.9787,22.0,96.55,3.08,1.46,2.5,47.13,0.74,8.69,10.0,67.5
2021-08-20 00:02:23,LINKUSDT.HB,26.9444,26.9443,26.9441,26.9389,26.936,26.9347,26.9346,26.9296,26.9289,26.9274,11.61,62.06,37.1,14.16,59.41,8.69,128.35,36.4,24.0,2.5,26.956,26.957,26.9581,26.9605,26.9608,26.9668,26.9707,26.9725,26.9742,26.9791,22.0,4.55,95.0,95.0,47.13,67.5,3.08,2.5,0.74,96.28
2021-08-20 00:02:24,LINKUSDT.HB,26.9535,26.9525,26.9514,26.9493,26.9492,26.9459,26.9445,26.9441,26.9389,26.9383,22.0,462.45,95.0,59.41,95.0,24.0,63.27,37.1,14.16,16.42,26.9686,26.9696,26.9707,26.9725,26.9742,26.9789,26.979,26.9797,26.9802,26.9823,22.0,95.0,3.08,2.5,0.74,10.27,100.0,0.74,168.2,1273.16
2021-08-20 00:02:25,LINKUSDT.HB,26.9684,26.9674,26.963,26.9612,26.9607,26.9606,26.9553,26.9547,26.9533,26.9529,22.0,11.61,95.0,52.77,5.21,95.0,37.08,62.06,40.5,24.0,26.9786,26.9797,26.9841,26.9851,26.9887,26.989,26.9919,26.9922,26.9959,26.996,2.92,0.74,22.0,0.74,4.89,8.69,9.37,67.5,105.26,2.5
2021-08-20 00:02:26,LINKUSDT.HB,26.9743,26.9733,26.972,26.9713,26.9712,26.9701,26.9698,26.9674,26.9652,26.964,22.0,95.0,11.61,349.85,95.0,52.77,0.76,0.39,0.86,117.82,26.9874,26.9886,26.9909,26.9919,26.9922,26.9959,26.996,26.9966,26.9979,27.0001,0.4,1.49,22.0,3.0,67.5,105.26,2.5,3.08,3.68,1266.86
2021-08-20 00:02:27,LINKUSDT.HB,26.9864,26.9811,26.977,26.9744,26.973,26.972,26.9719,26.9578,26.9572,26.9571,11.61,62.06,67.5,0.38,111.4,1.27,22.41,15.0,15.0,0.63,27.0011,27.0013,27.0014,27.0015,27.0108,27.011,27.0111,27.0118,27.0121,27.0133,0.73,402.33,95.0,64.9,5.76,107.39,6.9,36.4,0.74,2.5
2021-08-20 00:02:28,LINKUSDT.HB,26.9938,26.9933,26.9928,26.9923,26.9919,26.9917,26.9906,26.9881,26.9873,26.9789,22.0,95.0,14.27,40.0,40.0,95.0,40.0,52.77,67.5,24.0,27.0044,27.0111,27.0114,27.0118,27.0121,27.0133,27.0158,27.016,27.0174,27.0195,5.722658974093111,6.9,22.0,36.4,0.74,2.5,8.69,2.5,0.74,150.77
2021-08-20 00:02:29,LINKUSDT.HB,27.0051,27.0041,27.003,27.0015,26.9973,26.9933,26.9907,26.9792,26.972,26.9713,22.0,494.28,15.29,52.77,67.5,95.0,110.58,37.04,0.86,38.65,27.016,27.0174,27.0196,27.0202,27.0224,27.0225,27.0226,27.0228,27.0241,27.0242,2.5,0.74,2.5,3.33,22.0,0.59,3.08,0.74,112.31,21.69
2021-08-20 00:02:30,LINKUSDT.HB,27.002,27.001,26.9973,26.9955,26.9938,26.9933,26.9852,26.9849,26.9838,26.9754,22.0,15.29,67.5,52.77,37.02,95.0,0.62,121.0,1.86,38.65,27.0146,27.0147,27.016,27.0174,27.0196,27.0226,27.0228,27.0241,27.0242,27.0253,22.0,92.77898699596886,2.5,0.74,2.5,3.08,0.74,0.62,21.69,6.35
2021-08-20 00:02:31,LINKUSDT.HB,27.0072,27.0069,27.0059,27.0048,27.002,26.9973,26.9938,26.9878,26.9852,26.9849,95.0,22.0,62.06,108.85,52.77,67.5,37.02,24.0,0.62,121.0,27.0196,27.0226,27.0228,27.0232,27.0242,27.0253,27.0257,27.0282,27.0291,27.0314,2.5,3.08,0.74,22.0,21.69,6.35,2.81,0.74,110.77,0.36
2021-08-20 00:02:32,LINKUSDT.HB,27.0112,27.0082,27.0059,27.0048,27.0034,27.0026,26.9973,26.9938,26.9888,26.9852,13.85,22.0,62.06,95.0,52.77,0.86,67.5,37.02,24.0,0.62,27.0196,27.0226,27.0228,27.0243,27.0257,27.0277,27.0278,27.0282,27.0291,27.0295,2.5,3.08,0.74,22.0,2.81,1.05,6.35,0.74,110.77,20.0
2021-08-20 00:02:33,LINKUSDT.HB,27.0139,27.0129,27.012,27.0118,27.011,27.0097,27.0073,27.006,27.0048,27.0035,22.0,13.85,95.0,90.0,95.0,52.77,67.5,118.16,18.5,74.02,27.0257,27.0282,27.0304,27.0314,27.0333,27.0337,27.0357,27.0358,27.0365,27.0371,2.81,0.74,22.0,0.36,6.35,0.74,2.48,0.24,20.0,80.0
2021-08-20 00:02:34,LINKUSDT.HB,27.029,27.028,27.0279,27.0258,27.0246,27.0236,27.0229,27.0224,27.0221,27.0186,13.85,1.02,95.0,95.0,10.0,52.77,20.0,142.02,62.06,345.67,27.0382,27.039,27.0391,27.0392,27.0399,27.0406,27.0419,27.0422,27.0426,27.0431,1.74,1.89,0.74,2.55,2.5,2.69,8.69,18.5,8.69,2.5
2021-08-20 00:02:35,LINKUSDT.HB,27.0297,27.0291,27.0287,27.0274,27.0222,27.0221,27.0219,27.0184,27.0171,27.0166,22.0,1.02,13.85,95.0,52.77,62.06,20.0,40.0,67.5,30.0,27.0422,27.0445,27.0458,27.0476,27.0486,27.0495,27.0499,27.0516,27.0524,27.0542,15.1618684130729,22.74,105.97,40.0,3.08,93.99,0.74,21.69,1.55,5.64
2021-08-20 00:02:36,LINKUSDT.HB,27.0362,27.036,27.0274,27.0268,27.0261,27.0241,27.024,27.0219,27.0185,27.0171,22.0,10.56,95.0,40.0,52.77,115.5,50.0,20.0,73.98,67.5,27.0444,27.0445,27.0486,27.0489,27.0499,27.0514,27.0516,27.0524,27.055,27.0551,2.13,0.74,3.08,22.0,0.74,108.06,21.69,1.55,3.17,0.21
2021-08-20 00:02:37,LINKUSDT.HB,27.0327,27.0289,27.0274,27.0269,27.0268,27.0246,27.024,27.0125,27.0091,27.009,13.13,20.0,95.0,67.5,40.0,52.77,50.0,73.99,114.85,36.99,27.0437,27.0439,27.0445,27.0452,27.0485,27.0486,27.0499,27.0514,27.0515,27.0516,2.37,95.0,0.74,18.49,73.99,3.08,0.74,3.25,20.0,21.69
2021-08-20 00:02:38,LINKUSDT.HB,27.0211,27.01,27.009,27.0089,27.0058,27.0053,27.0047,27.0046,27.0039,27.0023,13.85,22.0,46.99,52.77,137.57,67.5,117.86,36.4,220.0,2.5,27.0278,27.0279,27.0298,27.0312,27.0345,27.0362,27.0374,27.0375,27.0382,27.0404,8.03,22.0,95.0,95.0,20.0,18.5,105.6,74.02,21.69,90.0
2021-08-20 00:02:39,LINKUSDT.HB,27.03,27.0291,27.029,27.0289,27.0278,27.027,27.0265,27.0249,27.0215,27.0214,22.0,6.92,147.77,522.04,40.0,40.0,67.5,20.0,114.45,63.79,27.0445,27.0486,27.0499,27.0524,27.0533,27.0546,27.0551,27.0553,27.056,27.0578,0.74,110.64,0.74,1.55,21.69,37.01,0.21,0.74,8.69,36.26
2021-08-20 00:02:40,LINKUSDT.HB,27.0299,27.0289,27.0265,27.0214,27.0211,27.0209,27.0188,27.018,27.0169,27.0129,22.0,6.92,67.5,62.92,52.77,36.99,40.0,10.0,60.0,117.63,27.0421,27.0425,27.0438,27.0445,27.0458,27.0499,27.0523,27.0524,27.0533,27.0551,22.0,95.0,11.27,95.0,168.0,0.74,106.26,1.55,21.69,0.21
2021-08-20 00:02:41,LINKUSDT.HB,27.0298,27.0265,27.0209,27.0188,27.0186,27.018,27.0169,27.0129,27.0108,27.0058,2.32,67.5,36.99,40.0,52.77,10.0,60.0,117.63,24.0,38.61,27.041,27.0457,27.0458,27.0499,27.0523,27.0524,27.0533,27.0551,27.0553,27.0559,95.0,2.33,168.0,0.74,106.26,1.55,21.69,0.21,0.74,16.42
2021-08-20 00:02:42,LINKUSDT.HB,27.0252,27.0241,27.0238,27.0225,27.0219,27.0213,27.0212,27.0198,27.0184,27.017,22.0,95.0,97.57,95.0,120.0,400.53,52.77,130.64,62.06,14.54,27.0445,27.0446,27.0457,27.0499,27.0524,27.0533,27.0546,27.0551,27.0553,27.056,14.96,1057.6,90.28,0.74,1.55,21.69,50.59,0.21,9.43,8.69
2021-08-20 00:02:43,LINKUSDT.HB,27.058,27.0569,27.056,27.0559,27.0508,27.0499,27.0498,27.0468,27.0449,27.0328,22.0,22.0,1.38,95.0,40.0,20.0,90.0,52.77,38.48,24.0,27.0591,27.0607,27.0632,27.0639,27.0659,27.0661,27.0665,27.0666,27.0669,27.0679,1.39,0.74,1.78,2.5,0.41,3.55,36.26,2.5,0.27,54.7
2021-08-20 00:02:44,LINKUSDT.HB,27.0539,27.0528,27.0517,27.0501,27.0468,27.0449,27.0408,27.0348,27.0329,27.03,22.0,12.17,95.0,52.77,5.0,38.48,36.96,80.0,80.0,36.98,27.066,27.0661,27.0665,27.0666,27.0669,27.0687,27.0692,27.07,27.0701,27.0705,0.62,2.979778653001356,36.26,2.5,0.27,8.69,18.48,0.57,50.59,73.92
2021-08-20 00:02:45,LINKUSDT.HB,27.0455,27.0451,27.0444,27.0432,27.0424,27.0409,27.0369,27.0358,27.0313,27.0308,22.0,95.0,52.77,95.0,62.06,5.0,12.17,40.0,38.48,20.0,27.0551,27.0638,27.0646,27.0653,27.0661,27.0666,27.0669,27.0681,27.0686,27.0687,9.7,16.42,40.0,36.99,70.47977865300136,2.5,0.27,20.0,112.19,8.69
2021-08-20 00:02:46,LINKUSDT.HB,27.0359,27.0324,27.0314,27.0249,27.022,27.02,27.0176,27.0174,27.0158,27.0147,7.39,22.0,5.0,47.23,141.67,36.99,38.48,38.6,5.9,147.94,27.0444,27.0454,27.0455,27.0613,27.0614,27.0653,27.0661,27.0666,27.0669,27.0681,109.49,50.59,95.0,110.79,16.42,36.99,70.47977865300136,2.5,0.27,181.87
2021-08-20 00:02:47,LINKUSDT.HB,27.0376,27.034,27.0329,27.0328,27.0312,27.0221,27.022,27.02,27.0198,27.0188,5.0,22.0,3.61,47.23,38.48,7.2,141.67,36.99,24.0,38.59,27.0491,27.0492,27.0493,27.0513,27.054,27.0653,27.0656,27.0661,27.0662,27.0663,22.0,14.68,95.0,95.0,50.59,36.99,16.42,70.47977865300136,55.24,36.26
2021-08-20 00:02:48,LINKUSDT.HB,27.035,27.0349,27.0338,27.0321,27.0313,27.0312,27.022,27.0208,27.02,27.0188,1.58,22.0,95.0,47.23,5.0,38.48,141.67,24.0,36.99,38.59,27.0442,27.0526,27.0533,27.0552,27.0579,27.058,27.0653,27.0656,27.0661,27.0663,0.74,95.0,50.59,22.0,14.68,6.33,36.99,16.42,70.47977865300136,36.26
2021-08-20 00:02:49,LINKUSDT.HB,27.0312,27.0256,27.0245,27.0236,27.0233,27.022,27.02,27.0188,27.0178,27.0176,5.0,22.0,13.85,47.23,95.0,141.67,36.99,38.59,16.42,38.48,27.0318,27.0397,27.0398,27.0402,27.0414,27.0462,27.0514,27.0566,27.058,27.0652,0.74,14.68,95.0,50.59,95.0,107.0,67.5,36.99,6.33,111.83
2021-08-20 00:02:50,LINKUSDT.HB,27.0412,27.0407,27.0401,27.0389,27.0377,27.0342,27.0323,27.0313,27.0282,27.0281,22.0,95.0,7.2,95.0,47.23,62.06,38.48,7.12,36.98,3.08,27.0605,27.0616,27.063,27.0661,27.0663,27.0666,27.0669,27.0687,27.0688,27.0694,22.0,67.91053687993319,50.59,2.979778653001356,36.26,2.5,0.27,8.69,67.5,8.69
2021-08-20 00:02:51,LINKUSDT.HB,27.0449,27.0438,27.0433,27.0413,27.0389,27.0368,27.0342,27.0328,27.0323,27.0308,22.0,2.77,5.0,6.32,47.23,40.0,62.06,20.0,38.48,36.96,27.059,27.0597,27.06,27.0601,27.0606,27.0609,27.0626,27.0659,27.0661,27.0662,22.0,95.0,4.43,30.0,50.59,95.0,80.0,109.45,2.979778653001356,18.48
2021-08-20 00:02:52,LINKUSDT.HB,27.0477,27.0464,27.0451,27.045,27.0448,27.0413,27.0387,27.0369,27.0368,27.0338,22.0,5.0,3.76,0.86,0.21,6.32,47.23,12.13,40.0,36.96,27.0579,27.058,27.0588,27.0589,27.0592,27.0597,27.0598,27.0626,27.0647,27.0661,4.43,95.0,0.41,0.43,50.59,22.0,95.0,80.0,36.98,2.979778653001356
2021-08-20 00:02:53,LINKUSDT.HB,27.0474,27.0463,27.0438,27.0415,27.0413,27.0387,27.0323,27.0318,27.0282,27.0229,22.0,17.45,10.07,5.0,6.32,47.23,38.48,20.55,36.98,83.76,27.0645,27.0646,27.0647,27.0657,27.0661,27.0666,27.0669,27.0687,27.0688,27.0694,22.0,99.43,36.98,50.59,2.979778653001356,2.5,0.27,8.69,67.5,8.69
2021-08-20 00:02:54,LINKUSDT.HB,27.0463,27.0418,27.0407,27.0401,27.0385,27.0323,27.0288,27.0282,27.0229,27.022,2.4,22.0,2.25,5.0,47.23,38.48,24.0,36.98,83.76,141.67,27.0629,27.0642,27.0643,27.0644,27.0647,27.0661,27.0666,27.0669,27.0687,27.0688,95.0,4.43,103.51,1.13,36.98,2.979778653001356,2.5,0.27,8.69,67.5
2021-08-20 00:02:55,LINKUSDT.HB,27.0335,27.0324,27.0306,27.0283,27.0282,27.0258,27.0229,27.022,27.0188,27.0186,22.0,5.0,5.8,95.0,36.98,47.23,83.76,141.67,24.0,38.48,27.0469,27.047,27.0472,27.05,27.0552,27.0643,27.0647,27.0661,27.0666,27.0669,4.43,22.0,95.0,50.59,67.5,103.51,36.98,2.979778653001356,2.5,6.6
2021-08-20 00:02:56,LINKUSDT.HB,27.0445,27.0434,27.0409,27.0397,27.0384,27.0367,27.0359,27.0324,27.032,27.0229,22.0,17.45,146.83,95.0,47.23,36.97,62.06,5.0,38.48,83.76,27.0597,27.06,27.0601,27.0604,27.0626,27.0627,27.0661,27.0666,27.0669,27.0687,50.59,95.0,4.43,122.0,62.06,95.0,2.979778653001356,2.5,0.27,8.69
2021-08-20 00:02:57,LINKUSDT.HB,27.0455,27.0448,27.0436,27.0391,27.038,27.0367,27.0359,27.0354,27.032,27.0285,22.0,2.22,5.0,8.61,90.0,36.97,62.06,47.23,108.48,73.95,27.0581,27.0582,27.0604,27.0621,27.0626,27.0649,27.0661,27.0662,27.0666,27.0669,2.21,22.0,122.0,30.0,62.06,36.98,2.979778653001356,18.48,2.5,16.69
2021-08-20 00:02:58,LINKUSDT.HB,27.0517,27.0506,27.0495,27.047,27.046,27.0459,27.0458,27.0457,27.0448,27.0428,22.0,19.67,47.23,30.0,448.01,100.0,20.0,338.52,36.97,40.0,27.0621,27.0625,27.0657,27.0661,27.0666,27.0669,27.0672,27.0681,27.0687,27.0694,95.0,1.49,22.0,2.979778653001356,2.5,0.27,18.48,50.59,8.69,8.69
2021-08-20 00:02:59,LINKUSDT.HB,27.0637,27.0628,27.0604,27.0579,27.0537,27.0524,27.0498,27.0459,27.0457,27.0448,22.0,17.08,436.72,52.77,95.0,5.0,40.0,95.0,63.27,20.0,27.0702,27.0715,27.072,27.0745,27.0769,27.0791,27.0793,27.0797,27.0806,27.0808,18.47,0.74,0.19,3.08,0.74,30.0,51.82,16.42,80.0,1.02
2021-08-20 00:03:00,LINKUSDT.HB,27.0754,27.0751,27.075,27.0687,27.0665,27.0653,27.0643,27.063,27.0629,27.0548,22.0,338.43,95.0,67.5,95.0,90.0,5.0,114.81,52.77,1.48,27.0808,27.0824,27.0828,27.0829,27.0831,27.0855,27.086,27.0876,27.0878,27.0879,1.02,0.74,8.69,2.54,10.0,0.35,0.2,36.95,0.74,2.5
2021-08-20 00:03:01,LINKUSDT.HB,27.0739,27.0738,27.0718,27.0687,27.0665,27.063,27.0619,27.0588,27.0458,27.0449,12.92,5.0,52.77,67.5,95.0,114.81,36.94,1.48,345.71,147.78,27.0808,27.0824,27.0829,27.0831,27.0855,27.086,27.0878,27.0879,27.0882,27.0883,2.650734690260258,0.74,2.54,10.0,0.35,0.2,0.74,2.5,2.5,0.74
2021-08-20 00:03:02,LINKUSDT.HB,27.0747,27.0723,27.0688,27.0687,27.0665,27.063,27.0619,27.0598,27.0576,27.0575,17.43,52.77,5.0,67.5,95.0,114.81,36.94,11.08,81.4,147.71,27.0873,27.0886,27.0895,27.0908,27.0915,27.0936,27.0961,27.0962,27.0964,27.0969,95.0,80.0,95.0,371.58,2.21,120.0,109.29,8.69,352.19,50.59
2021-08-20 00:03:03,LINKUSDT.HB,27.0763,27.0752,27.0728,27.0716,27.0704,27.0689,27.0666,27.0638,27.0619,27.0577,22.0,577.2,52.77,95.0,1.02,5.0,0.88,24.0,36.94,113.84,27.0896,27.0907,27.095,27.0961,27.0962,27.0964,27.0987,27.0994,27.0995,27.0996,1.13,1.99,22.0,109.29,8.69,37.73,0.74,0.66,6.31,0.24
2021-08-20 00:03:04,LINKUSDT.HB,27.0707,27.0705,27.068,27.0629,27.0619,27.0588,27.0577,27.0576,27.0575,27.0568,67.5,5.0,52.77,20.88,36.94,20.0,113.84,81.4,147.71,36.92,27.0835,27.0836,27.0847,27.085,27.0862,27.0935,27.0936,27.0938,27.0941,27.0964,10.0,22.0,95.0,1.0,95.0,73.87,62.06,4.56,50.59,352.19
2021-08-20 00:03:05,LINKUSDT.HB,27.0824,27.0823,27.0769,27.0768,27.0738,27.0708,27.0707,27.0576,27.0575,27.0536,22.0,95.0,17.7,5.0,20.0,151.97,67.5,81.4,147.71,14.0,27.0936,27.0937,27.0964,27.0987,27.0994,27.0996,27.1002,27.1004,27.1005,27.1009,66.62,2.24,0.79,0.74,0.66,0.24,18.45,0.37,3.19,0.74
2021-08-20 00:03:06,LINKUSDT.HB,27.0755,27.0741,27.0739,27.0719,27.0707,27.062,27.0619,27.0615,27.0576,27.0575,22.0,52.77,5.0,1.02,67.5,13.87,111.29,36.94,81.4,147.71,27.087,27.0873,27.0874,27.0879,27.0887,27.096,27.0964,27.0984,27.0987,27.0994,6.34,101.65,8.01,95.0,0.86,167.0,0.79,38.48,0.74,0.66
2021-08-20 00:03:07,LINKUSDT.HB,27.0908,27.0897,27.0873,27.0848,27.0826,27.0818,27.0781,27.0758,27.0756,27.0728,22.0,6.97,95.0,52.77,3.42,67.5,5.0,107.17,63.27,20.0,27.096,27.0963,27.0964,27.0987,27.0994,27.0996,27.1004,27.1005,27.1009,27.101,6.34,6.51,0.79,0.74,0.66,0.24,0.37,3.19,0.74,2.55
2021-08-20 00:03:08,LINKUSDT.HB,27.0863,27.0852,27.0826,27.0818,27.0808,27.0759,27.0756,27.0712,27.0658,27.0646,22.0,7.18,1.2,72.5,52.77,107.83,63.27,36.92,11.24,14.38,27.0963,27.0964,27.0987,27.0994,27.0996,27.1004,27.1005,27.1009,27.101,27.1013,0.7,0.79,0.74,0.66,120.24,0.37,3.19,0.74,2.55,0.25
2021-08-20 00:03:09,LINKUSDT.HB,27.0863,27.083,27.0713,27.0712,27.0707,27.0669,27.0628,27.0576,27.0575,27.0571,22.0,52.77,107.84,36.92,67.5,6.94,1.48,81.4,147.71,6.76,27.0947,27.0956,27.0961,27.0964,27.0966,27.0987,27.0994,27.0996,27.1004,27.1005,95.0,20.0,95.0,0.79,120.0,0.74,0.66,0.24,0.37,3.19
2021-08-20 00:03:10,LINKUSDT.HB,27.0813,27.0808,27.0735,27.0726,27.0712,27.0629,27.0576,27.0575,27.0553,27.0536,1.77,5.0,52.77,1.54,104.42,109.44,81.4,147.71,8.69,14.0,27.0888,27.0892,27.0894,27.0956,27.0964,27.0974,27.0986,27.0987,27.0994,27.0996,6.34,95.0,127.0,38.48,0.79,10.0,0.84,0.74,0.66,0.24
2021-08-20 00:03:11,LINKUSDT.HB,27.08,27.0789,27.0764,27.0733,27.0728,27.0726,27.0702,27.0693,27.0678,27.0665,22.0,64.49,95.0,20.0,100.0,1.54,36.93,67.5,18.45,73.83,27.0941,27.0942,27.0964,27.0987,27.0994,27.0996,27.1004,27.1005,27.1009,27.101,7.74,95.0,0.79,0.74,0.66,0.24,0.37,3.19,0.74,2.55
2021-08-20 00:03:12,LINKUSDT.HB,27.0872,27.0844,27.0837,27.0801,27.0793,27.0768,27.0764,27.0738,27.0726,27.0725,22.0,52.77,11.72,6.94,10.0,317.57,95.0,18.45,1.54,73.83,27.0958,27.0959,27.096,27.0961,27.0964,27.0987,27.0992,27.0994,27.0996,27.1004,3.19,3.21,0.86,6.34,0.79,0.74,108.0,0.66,0.24,0.37
2021-08-20 00:03:13,LINKUSDT.HB,27.0763,27.0762,27.0739,27.0726,27.0713,27.0711,27.0702,27.0693,27.0688,27.0648,439.41,95.0,6.84,1.54,10.0,52.77,36.93,67.5,20.0,40.0,27.0839,27.0905,27.0915,27.0916,27.0954,27.0955,27.0959,27.096,27.0964,27.0979,6.34,22.0,12.87,40.0,10.0,38.48,3.21,0.86,0.79,36.93
2021-08-20 00:03:14,LINKUSDT.HB,27.085,27.0828,27.0827,27.079,27.0783,27.0779,27.0759,27.0758,27.0726,27.0693,22.0,0.49,52.77,0.96,20.0,95.0,5.0,100.0,1.54,67.5,27.0963,27.0964,27.0979,27.0987,27.0992,27.0994,27.0996,27.1004,27.1005,27.1009,12.08,0.79,36.93,0.74,108.0,0.66,0.24,0.37,3.19,0.74
2021-08-20 00:03:15,LINKUSDT.HB,27.0853,27.0851,27.0812,27.079,27.0783,27.0779,27.0759,27.0728,27.0693,27.0659,22.0,53.83,52.77,0.96,10.0,95.0,5.0,20.0,67.5,3.24,27.0953,27.0954,27.0956,27.096,27.0962,27.0964,27.0979,27.0987,27.0992,27.0994,12.87,20.73,3.21,60.28,314.44,0.79,36.93,0.74,108.0,0.66
2021-08-20 00:03:16,LINKUSDT.HB,27.0992,27.0986,27.0973,27.0961,27.0948,27.094,27.0887,27.0883,27.0864,27.0851,22.0,95.0,4.36,95.0,90.0,90.0,160.0,10.0,5.0,53.83,27.103,27.1041,27.1055,27.1061,27.1065,27.107,27.1092,27.1095,27.1096,27.1117,0.23,0.74,0.22,2.4,2.81,7.47,0.37,0.74,8.69,100.0
2021-08-20 00:03:17,LINKUSDT.HB,27.091,27.0858,27.0851,27.0844,27.0813,27.0784,27.0781,27.0778,27.0777,27.069,0.77,36.91,53.83,52.77,20.0,116.01,67.5,60.0,147.65,147.68,27.1024,27.1035,27.1047,27.1048,27.1053,27.106,27.1064,27.1073,27.1074,27.1149,22.0,95.0,90.0,10.0,95.0,158.06,306.59,12.87,3.21,36.91
2021-08-20 00:03:18,LINKUSDT.HB,27.0863,27.0852,27.0817,27.0816,27.081,27.0788,27.0784,27.0781,27.0777,27.0738,0.84,5.0,0.4,52.77,95.0,36.92,116.01,67.5,147.65,18.45,27.0973,27.0974,27.0979,27.0981,27.1016,27.1042,27.1063,27.1064,27.1068,27.1074,10.0,12.87,75.01,95.0,40.0,18.45,155.0,314.16,16.42,3.21
2021-08-20 00:03:19,LINKUSDT.HB,27.0863,27.0817,27.0803,27.0788,27.0784,27.0781,27.0733,27.0728,27.0718,27.0698,0.84,5.0,52.77,36.92,116.01,67.5,10.0,20.0,18.46,40.0,27.0904,27.0913,27.0946,27.0972,27.0976,27.0978,27.0992,27.1036,27.1044,27.1062,20.0,14.75,251.0,100.47,95.0,12.12,18.45,240.0,20.0,103.13
2021-08-20 00:03:20,LINKUSDT.HB,27.0898,27.0894,27.0893,27.0891,27.089,27.0863,27.0848,27.0841,27.0823,27.0817,95.0,372.38,95.0,13.62,327.7,304.04,36.91,52.77,10.0,5.0,27.0972,27.1113,27.1114,27.1115,27.1146,27.1174,27.1175,27.1179,27.1195,27.1197,100.47,6.43,20.0,38.48,36.91,104.21,147.65,2.52,2.48,0.47
2021-08-20 00:03:21,LINKUSDT.HB,27.0909,27.09,27.0899,27.0863,27.0848,27.0825,27.0823,27.0784,27.0781,27.0778,0.64,0.82,5.0,303.2,36.91,52.77,10.0,116.01,67.5,18.45,27.0972,27.1082,27.1083,27.1114,27.1115,27.1133,27.1154,27.1174,27.1175,27.1192,98.63,5.47,36.92,20.0,38.48,54.99,5.1,104.21,147.65,55.09
2021-08-20 00:03:22,LINKUSDT.HB,27.1035,27.1034,27.099,27.0963,27.0917,27.0909,27.09,27.0888,27.0864,27.0863,5.46,10.0,67.5,62.77,5.0,0.64,63.27,18.44,78.55,303.2,27.113,27.1132,27.1145,27.1157,27.117,27.1194,27.1195,27.1197,27.1203,27.1221,22.0,95.0,3.21,95.0,7.37,5.4,2.48,0.47,0.74,5.89
2021-08-20 00:03:23,LINKUSDT.HB,27.1036,27.1035,27.0991,27.099,27.0981,27.0963,27.0939,27.0909,27.09,27.0898,4.61,10.0,7.35,67.5,36.89,62.77,123.77,0.64,63.27,18.44,27.1126,27.1127,27.1129,27.1169,27.117,27.119,27.1195,27.1197,27.1203,27.1221,3.21,95.0,3.71,7.13,7.37,22.0,2.48,16.89,0.74,5.89
2021-08-20 00:03:24,LINKUSDT.HB,27.1064,27.1063,27.1051,27.1043,27.099,27.0981,27.0971,27.0963,27.0939,27.0938,9.77,10.0,5.0,0.86,67.5,36.89,52.77,10.0,123.77,18.44,27.1129,27.117,27.1194,27.1195,27.1197,27.1203,27.1221,27.1241,27.1254,27.1256,3.71,7.37,3.61,2.48,0.47,0.74,5.89,1.08,38.48,1.05
2021-08-20 00:03:25,LINKUSDT.HB,27.1067,27.1043,27.0991,27.099,27.0981,27.0977,27.0971,27.0963,27.0939,27.0937,10.0,0.86,5.0,67.5,36.89,20.0,52.77,10.0,123.77,40.0,27.1129,27.1169,27.117,27.1194,27.1195,27.1197,27.1202,27.1203,27.1216,27.1221,3.71,0.85,7.37,22.0,2.48,0.47,18.44,0.74,40.0,5.89
2021-08-20 00:03:26,LINKUSDT.HB,27.0883,27.0876,27.0844,27.0843,27.084,27.083,27.0774,27.0773,27.0772,27.0769,40.0,95.0,376.07,95.0,20.0,9.22,67.48,67.5,2.5,2.5,27.1075,27.1077,27.1086,27.112,27.1121,27.1134,27.1144,27.1168,27.117,27.1173,22.0,95.0,40.0,173.45,38.48,140.0,95.0,16.96,3.21,10.48
2021-08-20 00:03:27,LINKUSDT.HB,27.0913,27.0911,27.0875,27.0858,27.079,27.0789,27.0774,27.0772,27.0769,27.0758,2.48,1.45,67.5,52.77,5.48,36.91,67.48,2.5,2.5,24.0,27.1029,27.103,27.1033,27.1045,27.1047,27.1099,27.1114,27.1144,27.1168,27.117,10.0,16.4,9.06,14.75,95.0,0.86,5.45,36.91,16.96,3.21
2021-08-20 00:03:28,LINKUSDT.HB,27.0791,27.079,27.0789,27.0774,27.0772,27.0769,27.0727,27.0694,27.0687,27.0651,5.48,2.5,36.91,67.48,2.5,2.5,147.62,8.69,8.69,67.5,27.0931,27.0943,27.0944,27.0948,27.0961,27.0962,27.0968,27.0969,27.0995,27.1026,95.0,10.0,22.0,95.0,32.42,3.21,9.06,0.42,38.48,16.42
2021-08-20 00:03:29,LINKUSDT.HB,27.0666,27.0665,27.0635,27.0557,27.0556,27.0555,27.0553,27.0551,27.0535,27.0529,35.1,477.91,3.08,2.26,2.5,38.54,8.69,2.81,67.5,2.5,27.0711,27.0758,27.0816,27.0838,27.0849,27.086,27.0861,27.0907,27.092,27.0921,0.2,9.48,50.59,22.0,19.62,38.48,95.0,90.0,184.62,90.0
2021-08-20 00:03:30,LINKUSDT.HB,27.0672,27.0671,27.0665,27.0635,27.0609,27.0557,27.0556,27.0551,27.0535,27.0529,405.02,20.22,15.44,3.08,52.77,12.07,2.5,2.81,67.5,2.5,27.069,27.0803,27.0859,27.086,27.0861,27.0902,27.0903,27.092,27.0999,27.1045,7.38,50.59,9.81,38.48,95.0,36.95,149.0,184.62,55.26,14.75
2021-08-20 00:03:31,LINKUSDT.HB,27.0704,27.0686,27.0665,27.0635,27.0588,27.0571,27.0556,27.0551,27.053,27.0529,0.61,3.76,15.44,3.08,52.77,36.94,2.5,2.81,67.5,2.5,27.0828,27.084,27.0841,27.0845,27.0846,27.0873,27.0925,27.1006,27.1045,27.1073,95.0,50.59,138.57,98.21,1.25,38.48,16.42,36.94,14.75,55.18
2021-08-20 00:03:32,LINKUSDT.HB,27.0925,27.0922,27.0919,27.0891,27.084,27.0839,27.0803,27.0763,27.074,27.0738,20.22,95.0,67.5,52.77,416.79,95.0,6.04,40.0,40.0,20.0,27.1017,27.1023,27.1045,27.1051,27.1064,27.1073,27.1076,27.1089,27.1091,27.1095,36.94,49.0,14.75,16.42,60.0,55.18,110.93,8.69,147.8,166.46
2021-08-20 00:03:33,LINKUSDT.HB,27.1078,27.1074,27.1043,27.1036,27.1021,27.0957,27.095,27.0949,27.0898,27.084,22.0,30.0,422.28,357.55,67.5,52.77,345.56,95.0,24.0,85.99,27.1079,27.1089,27.1096,27.1119,27.1132,27.1135,27.1219,27.1221,27.1223,27.1241,0.2,8.69,8.69,2.5,2.5,2.5,100.0,5.89,8.69,1.08
2021-08-20 00:03:34,LINKUSDT.HB,27.1183,27.1043,27.1021,27.0958,27.0949,27.0841,27.0803,27.074,27.0721,27.0712,30.0,52.77,67.5,24.0,95.0,85.76,6.04,109.0,90.0,6.3,27.1221,27.1223,27.1241,27.1256,27.1257,27.1259,27.1263,27.1264,27.129,27.1298,5.89,8.69,1.08,1.05,1.26,0.22,1.07,3.08,0.33,0.27
2021-08-20 00:03:35,LINKUSDT.HB,27.1103,27.108,27.1069,27.1032,27.1021,27.1002,27.098,27.095,27.0918,27.0841,22.0,2.99,95.0,52.77,67.5,36.88,0.34,82.76,24.0,85.76,27.1214,27.1215,27.1216,27.1221,27.1241,27.1256,27.1257,27.1259,27.1263,27.1264,0.78,7.37,2.52,5.89,1.08,1.05,1.26,0.22,1.07,3.08
2021-08-20 00:03:36,LINKUSDT.HB,27.1092,27.099,27.0979,27.095,27.0896,27.0889,27.0848,27.0841,27.0806,27.0803,0.67,22.0,21.68,82.76,36.89,36.45,1.0,85.76,147.55,6.04,27.1153,27.1154,27.1167,27.1168,27.1198,27.1199,27.1209,27.1213,27.1215,27.1221,22.0,95.0,7.37,95.0,3.21,67.5,123.0,16.96,7.37,5.89
2021-08-20 00:03:37,LINKUSDT.HB,27.0975,27.0964,27.094,27.0896,27.0889,27.0858,27.0845,27.0842,27.0806,27.0803,22.0,95.0,21.68,36.89,36.45,36.88,73.79,90.64,147.55,6.04,27.1117,27.1139,27.1147,27.1167,27.1186,27.1192,27.1197,27.1198,27.1199,27.1213,10.0,95.0,5.0,7.37,80.0,18.44,130.59,3.21,67.5,16.96
2021-08-20 00:03:38,LINKUSDT.HB,27.0995,27.0975,27.0964,27.0947,27.0896,27.0889,27.0887,27.0883,27.0868,27.086,0.86,22.0,95.0,21.68,36.89,36.45,55.62,70.0,36.88,60.0,27.1107,27.1109,27.111,27.1116,27.1138,27.1139,27.1167,27.1192,27.1194,27.1199,10.0,1.98,5.0,80.0,1.13,95.0,7.37,18.44,80.0,67.5
2021-08-20 00:03:39,LINKUSDT.HB,27.0987,27.0976,27.0928,27.0903,27.0902,27.0896,27.0889,27.0887,27.0883,27.086,22.0,3.97,21.68,0.67,95.0,36.89,36.45,55.62,70.0,60.0,27.1086,27.111,27.1156,27.1167,27.1198,27.1199,27.1209,27.1215,27.1221,27.123,1.13,5.0,22.0,7.37,0.61,67.5,135.0,7.37,5.89,36.91
2021-08-20 00:03:40,LINKUSDT.HB,27.0976,27.0914,27.0889,27.0887,27.0883,27.086,27.0806,27.0803,27.079,27.0776,33.73,22.0,36.45,55.62,70.0,81.68,94.19,6.04,2.5,86.08,27.0983,27.1069,27.1071,27.1072,27.1086,27.1167,27.1199,27.1209,27.1215,27.1221,0.68,95.0,3.21,5.0,1.13,7.37,67.5,135.0,7.37,5.89
2021-08-20 00:03:41,LINKUSDT.HB,27.0987,27.0976,27.0893,27.0889,27.0859,27.0858,27.0853,27.083,27.0803,27.079,22.0,31.38,36.9,36.45,94.35,55.62,110.0,100.0,6.04,2.5,27.1071,27.1072,27.1086,27.1156,27.1167,27.1199,27.1209,27.1221,27.123,27.1241,3.21,5.0,1.13,22.0,7.37,67.5,135.0,5.89,36.91,1.08
2021-08-20 00:03:42,LINKUSDT.HB,27.091,27.0907,27.0906,27.0895,27.0894,27.0893,27.0859,27.0858,27.0853,27.083,95.0,332.88,95.0,22.35,0.67,7.56,94.35,55.62,110.0,100.0,27.107,27.1072,27.1086,27.1152,27.1199,27.1209,27.1221,27.123,27.1241,27.1245,95.0,5.0,1.13,284.08,67.5,135.0,5.89,36.91,1.08,15.0
2021-08-20 00:03:43,LINKUSDT.HB,27.0854,27.0818,27.0795,27.0792,27.079,27.0778,27.0774,27.0772,27.0769,27.0764,7.64,21.68,93.12,36.91,2.5,57.09,70.0,18.92,2.5,38.51,27.1029,27.104,27.1071,27.1072,27.1086,27.1095,27.1151,27.1198,27.1199,27.1209,22.0,95.0,3.21,5.0,1.13,142.0,128.4,2.5,67.5,189.7
2021-08-20 00:03:44,LINKUSDT.HB,27.0927,27.0926,27.0887,27.086,27.0858,27.0835,27.0793,27.0792,27.079,27.0788,20.24,95.0,77.3,120.0,36.88,73.79,345.67,36.91,2.5,19.55,27.1067,27.1116,27.1141,27.1142,27.1156,27.1164,27.1165,27.1199,27.1209,27.1221,30.0,95.0,1.64,18.44,40.0,40.0,73.79,67.5,135.0,5.89
2021-08-20 00:03:45,LINKUSDT.HB,27.0873,27.0872,27.0869,27.0855,27.0838,27.0811,27.081,27.0796,27.0792,27.079,20.24,95.0,1.55,21.68,40.0,1.49,40.0,1.57,36.91,2.5,27.1012,27.1017,27.1026,27.1063,27.1065,27.1091,27.1092,27.1094,27.1134,27.1145,0.86,20.0,40.0,0.67,95.0,0.66,18.45,100.0,126.49,73.81
2021-08-20 00:03:46,LINKUSDT.HB,27.0869,27.0848,27.0847,27.0811,27.0796,27.0792,27.079,27.0778,27.0772,27.0771,1.55,3.38,21.68,1.49,1.57,36.91,2.5,36.9,2.5,16.42,27.0984,27.0987,27.0993,27.0994,27.1016,27.1064,27.1067,27.1081,27.1094,27.1102,95.0,50.0,1.64,95.0,40.0,22.0,113.0,67.5,100.0,18.45
2021-08-20 00:03:47,LINKUSDT.HB,27.1,27.0938,27.092,27.0877,27.0869,27.0818,27.0811,27.0796,27.079,27.0776,8.29,95.0,21.68,36.9,1.55,24.0,1.49,1.57,2.5,147.59,27.106,27.1063,27.1168,27.1169,27.1209,27.1221,27.123,27.1241,27.1249,27.1253,35.07,1.64,22.0,67.5,135.0,5.89,36.9,1.08,6.18,105.6
2021-08-20 00:03:48,LINKUSDT.HB,27.0899,27.0898,27.0877,27.0869,27.0839,27.0811,27.079,27.0776,27.0772,27.0769,21.06,95.0,36.9,1.55,21.68,1.49,2.5,147.59,2.5,2.5,27.0998,27.1081,27.1082,27.1096,27.1137,27.1205,27.121,27.1212,27.1221,27.1228,0.45,22.82,67.5,95.0,36.91,168.0,6.17,147.61,5.89,54.92
2021-08-20 00:03:49,LINKUSDT.HB,27.0817,27.0816,27.0811,27.079,27.0777,27.0776,27.0772,27.0769,27.0695,27.069,21.06,21.68,1.49,2.5,0.49,147.59,2.5,2.5,1.0,0.5,27.0904,27.0905,27.0909,27.091,27.0995,27.1076,27.1077,27.1078,27.1081,27.1095,14.42,95.0,3.21,0.45,67.5,0.82,2.41,36.91,22.0,104.06
2021-08-20 00:03:50,LINKUSDT.HB,27.0635,27.056,27.0556,27.0553,27.0551,27.0529,27.0522,27.0514,27.0494,27.0476,3.08,8.69,2.5,8.69,2.81,2.5,2.5,21.68,36.95,14.39,27.0702,27.0741,27.0748,27.0757,27.0789,27.0888,27.0902,27.0903,27.0909,27.0927,130.07,0.82,67.5,56.76,114.0,90.0,90.0,0.86,119.75,36.94
2021-08-20 00:03:51,LINKUSDT.HB,27.0635,27.0556,27.0551,27.0536,27.0529,27.0522,27.0516,27.0495,27.0494,27.0468,3.08,2.5,2.81,21.68,2.5,2.5,7.7,4.05,36.95,24.0,27.0725,27.0748,27.0844,27.0888,27.0902,27.0903,27.0909,27.0943,27.0953,27.0978,12.56,67.5,36.95,90.0,90.0,0.86,116.54,147.8,313.77,110.64
2021-08-20 00:03:52,LINKUSDT.HB,27.0635,27.0556,27.0551,27.0547,27.0529,27.0522,27.0495,27.0494,27.0466,27.0458,3.08,2.5,2.81,21.68,2.5,2.5,2.26,36.95,147.73,36.94,27.0684,27.0686,27.0687,27.0702,27.072,27.0741,27.0744,27.0748,27.0766,27.0769,8.8,7.89,95.0,102.38,3.21,56.76,40.0,67.5,40.0,107.0
2021-08-20 00:03:53,LINKUSDT.HB,27.0556,27.0551,27.0529,27.0522,27.0487,27.0459,27.0458,27.043,27.0429,27.0406,2.5,2.81,2.5,2.5,21.68,2.64,36.94,107.56,40.0,7.7,27.0645,27.0646,27.0652,27.0654,27.0673,27.0699,27.0702,27.0713,27.072,27.0748,8.8,95.0,14.77,0.34,3.87,22.0,102.38,56.76,3.21,67.5
2021-08-20 00:03:54,LINKUSDT.HB,27.0556,27.0551,27.0529,27.0522,27.048,27.0479,27.0439,27.0438,27.043,27.0429,0.6,2.81,2.5,2.5,2.91,21.68,1.57,36.96,107.56,40.0,27.0576,27.0577,27.0598,27.0634,27.0635,27.0652,27.0682,27.0701,27.0702,27.0742,8.06,0.34,3.21,4.48,22.0,14.77,56.76,2.9,102.38,18.48
2021-08-20 00:03:55,LINKUSDT.HB,27.0557,27.0556,27.0551,27.0529,27.0522,27.0483,27.0439,27.0438,27.043,27.0406,42.18,0.6,2.81,2.5,2.5,21.68,9.76,36.96,107.56,7.7,27.0561,27.0562,27.0598,27.064,27.0651,27.0652,27.0657,27.0692,27.0702,27.0748,5.72,0.34,3.21,22.0,5.19,14.77,158.0,18.48,102.38,67.5
2021-08-20 00:03:56,LINKUSDT.HB,27.0551,27.0529,27.0522,27.0404,27.0403,27.0389,27.0378,27.0376,27.0337,27.0336,2.81,2.5,2.5,9.44,36.96,21.68,36.96,3.08,109.47,7.7,27.0557,27.0634,27.0645,27.0652,27.0655,27.0668,27.0672,27.0685,27.0702,27.0748,104.27,22.0,9.83,14.77,56.76,67.5,18.48,73.93,102.38,36.97
2021-08-20 00:03:57,LINKUSDT.HB,27.0529,27.0522,27.0505,27.0467,27.0448,27.0428,27.0408,27.0406,27.0405,27.0403,2.5,2.5,21.68,4.91,18.47,20.0,18.47,7.7,73.9,36.96,27.0541,27.064,27.0646,27.0652,27.0664,27.0702,27.0721,27.0748,27.0751,27.0755,2.28,2.9,12.12,14.77,22.0,95.0,56.76,36.97,67.5,73.9
2021-08-20 00:03:58,LINKUSDT.HB,27.0529,27.0522,27.0419,27.0379,27.0378,27.0376,27.0337,27.0321,27.0316,27.0311,2.5,2.5,21.68,9.76,36.94,3.08,109.47,2.5,83.33,40.0,27.0539,27.0541,27.059,27.0591,27.0599,27.0606,27.0614,27.0635,27.0639,27.0645,10.0,1.24,10.68,22.0,193.18,56.76,80.0,80.0,1.2,1.5
2021-08-20 00:03:59,LINKUSDT.HB,27.0556,27.0544,27.0543,27.0532,27.053,27.0529,27.0522,27.0438,27.0376,27.0337,95.0,475.15,95.0,0.65,21.68,2.5,2.5,20.0,3.08,109.47,27.0599,27.0639,27.0693,27.0702,27.0736,27.0741,27.0747,27.0748,27.082,27.0821,25.0,1.2,67.5,95.0,0.71,56.76,112.02,36.97,1.45,63.36
2021-08-20 00:04:00,LINKUSDT.HB,27.0604,27.0603,27.0601,27.0529,27.0523,27.0522,27.0468,27.0403,27.0376,27.0343,9.76,21.68,95.0,2.5,106.76,2.5,20.0,36.96,3.08,38.56,27.0761,27.0802,27.0805,27.0806,27.0821,27.0828,27.0845,27.0871,27.09,27.0905,95.0,56.76,8.14,67.5,8.69,8.69,16.42,175.94,2.5,36.27
2021-08-20 00:04:01,LINKUSDT.HB,27.0609,27.0608,27.0607,27.0606,27.0603,27.0599,27.0529,27.0523,27.0522,27.0428,9.76,95.0,1.67,21.68,95.0,13.94,2.5,106.76,2.5,24.0,27.0794,27.0795,27.0798,27.0806,27.0821,27.0828,27.085,27.0871,27.0874,27.09,1.62,9.98,95.0,67.5,65.45,8.69,36.96,119.91,16.42,2.5
2021-08-20 00:04:02,LINKUSDT.HB,27.061,27.0609,27.0599,27.053,27.0529,27.0522,27.0409,27.0403,27.0376,27.0369,475.83,24.54,13.94,1.81,2.5,2.5,100.13,36.96,3.08,38.56,27.0725,27.0726,27.0749,27.075,27.0787,27.0792,27.0794,27.0806,27.0811,27.0821,12.12,95.0,3.21,95.0,16.96,1.62,1.28,67.5,56.76,8.69
2021-08-20 00:04:03,LINKUSDT.HB,27.061,27.0609,27.0599,27.0529,27.0522,27.051,27.0409,27.0403,27.0389,27.0376,0.42,2.86,13.94,2.5,2.5,21.68,100.13,36.96,38.56,3.08,27.071,27.0711,27.0724,27.0725,27.0726,27.0728,27.0787,27.0791,27.0794,27.0821,3.21,95.0,67.5,8.59,95.0,56.76,16.96,55.1,1.28,8.69
2021-08-20 00:04:04,LINKUSDT.HB,27.0609,27.0529,27.0522,27.0518,27.0439,27.0418,27.0411,27.0409,27.0403,27.0389,2.86,2.5,2.5,21.68,10.47,36.96,20.0,100.13,36.96,78.56,27.068,27.0681,27.0694,27.0696,27.0708,27.0709,27.071,27.0715,27.0724,27.0742,10.0,95.0,60.0,95.0,56.76,11.41,3.21,40.0,67.5,18.48
2021-08-20 00:04:05,LINKUSDT.HB,27.0551,27.0535,27.0529,27.0522,27.0411,27.0409,27.0408,27.0404,27.0398,27.0396,2.96,36.95,2.5,2.5,20.0,100.13,36.94,147.81,1.31,7.7,27.0653,27.0674,27.0675,27.0712,27.0713,27.0737,27.0742,27.0755,27.0759,27.077,3.21,121.03,95.36,5.82,67.5,164.0,18.47,73.9,22.0,36.96
2021-08-20 00:04:06,LINKUSDT.HB,27.0473,27.0472,27.0446,27.0433,27.0421,27.0409,27.0404,27.0389,27.0378,27.0376,458.82,95.0,95.74,5.23,20.0,100.13,147.81,38.56,36.96,3.08,27.0592,27.062,27.0621,27.0635,27.0653,27.0671,27.0712,27.0724,27.0755,27.0759,10.0,5.21,16.96,67.5,3.21,56.76,18.48,20.0,73.91,121.03
2021-08-20 00:04:07,LINKUSDT.HB,27.0448,27.0447,27.0446,27.0415,27.0376,27.0368,27.0347,27.0322,27.0321,27.0301,1.19,1.19,0.74,36.97,3.08,0.79,101.9,2.62,2.5,79.13,27.0534,27.0535,27.0539,27.0546,27.0548,27.0554,27.0563,27.0566,27.0586,27.0621,10.0,19.26,95.0,14.78,95.0,20.0,22.0,56.76,3.04,16.96
2021-08-20 00:04:08,LINKUSDT.HB,27.0446,27.0376,27.0362,27.0347,27.0322,27.0321,27.0296,27.0291,27.0289,27.0282,0.74,3.08,36.98,101.9,1.0,2.5,0.74,147.79,2.5,2.55,27.0478,27.0479,27.0524,27.0525,27.0527,27.0546,27.0549,27.0553,27.0563,27.0606,10.0,0.67,18.3,95.0,3.21,14.78,56.76,67.5,22.0,36.98
2021-08-20 00:04:09,LINKUSDT.HB,27.0321,27.0296,27.0289,27.0282,27.028,27.0272,27.0204,27.0169,27.0151,27.0147,2.5,0.74,2.5,2.55,1.89,2.5,0.35,105.27,8.69,2.81,27.0365,27.0366,27.0379,27.0381,27.0394,27.0476,27.0477,27.048,27.0507,27.0527,10.0,95.0,18.71,95.0,56.76,67.5,16.96,117.41,127.0,3.21
2021-08-20 00:04:10,LINKUSDT.HB,27.0116,27.0086,27.0079,27.005,27.0042,27.0035,27.0023,27.0018,27.0017,26.9995,3.08,1.7,0.51,2.5,0.52,1.02,2.5,107.54,8.69,1.02,27.02,27.0201,27.0212,27.0214,27.0215,27.0236,27.0238,27.0255,27.0257,27.0299,10.0,95.0,22.0,19.26,95.0,3.91,3.21,40.0,56.76,70.0
2021-08-20 00:04:11,LINKUSDT.HB,26.9946,26.9865,26.9858,26.9852,26.9845,26.9813,26.9811,26.9796,26.9794,26.9787,0.39,0.57,3.08,2.5,0.25,0.37,2.91,12.19,16.42,50.0,27.0011,27.0012,27.0014,27.0029,27.003,27.0044,27.0058,27.0083,27.0095,27.0109,10.0,18.52,0.67,22.0,95.0,95.0,56.76,67.5,80.0,20.0
2021-08-20 00:04:12,LINKUSDT.HB,26.9962,26.9958,26.9948,26.9946,26.9945,26.9941,26.9898,26.987,26.9865,26.9858,436.03,37.0,95.0,0.39,74.03,40.0,24.0,16.42,0.57,3.08,27.0082,27.0199,27.0202,27.021,27.0265,27.0279,27.0302,27.0315,27.033,27.0352,4.37,22.0,56.76,67.5,40.0,20.0,18.5,74.03,132.1,0.36
2021-08-20 00:04:13,LINKUSDT.HB,27.0019,27.0018,26.9998,26.9982,26.9975,26.9946,26.9941,26.9928,26.9927,26.991,10.76,95.0,37.02,88.96,74.04,0.39,40.0,24.0,7.7,160.0,27.0197,27.0198,27.021,27.0214,27.0265,27.0279,27.0293,27.0302,27.0315,27.033,0.57,22.23,67.5,40.0,40.0,20.0,16.42,18.5,74.03,132.1
2021-08-20 00:04:14,LINKUSDT.HB,26.9989,26.9988,26.9946,26.9942,26.9941,26.9928,26.9927,26.991,26.9905,26.987,10.76,37.02,0.39,89.75,40.0,24.0,7.7,40.0,74.04,16.42,27.0162,27.0163,27.017,27.0171,27.0178,27.0198,27.021,27.0214,27.0265,27.0272,22.0,95.0,11.12,56.76,95.0,22.23,67.5,40.0,40.0,18.51
2021-08-20 00:04:15,LINKUSDT.HB,27.0085,27.0081,27.0078,27.0068,27.0045,27.0008,27.0001,26.9997,26.998,26.9952,95.0,319.84,95.0,37.0,74.02,24.0,60.0,7.7,40.0,37.02,27.0198,27.0287,27.0288,27.0292,27.0334,27.0355,27.0369,27.037,27.0372,27.0382,20.30628734039482,2.06,67.5,56.76,60.0,40.0,132.15,37.03,18.5,2.5
2021-08-20 00:04:16,LINKUSDT.HB,27.0081,27.0002,27.0001,26.9988,26.998,26.9975,26.9952,26.9946,26.9942,26.9917,25.16,10.76,60.0,37.0,40.0,74.02,37.02,0.39,89.75,7.7,27.018,27.0183,27.0187,27.0202,27.0206,27.0272,27.0285,27.0286,27.0353,27.0365,0.67,7.96,95.0,95.0,67.5,59.97,40.0,16.96,314.36,16.42
2021-08-20 00:04:17,LINKUSDT.HB,27.0084,27.0081,26.9958,26.9953,26.9952,26.9946,26.9942,26.9896,26.9865,26.9858,1.19,25.16,24.0,12.34,37.02,0.39,89.75,38.64,0.57,3.08,27.0178,27.0179,27.0265,27.0272,27.0286,27.0294,27.0353,27.0365,27.0369,27.0374,36.68,8.97,56.76,3.21,16.96,67.5,314.36,16.42,132.15,6.13
2021-08-20 00:04:18,LINKUSDT.HB,27.0198,27.0081,26.9979,26.9978,26.9952,26.9946,26.9942,26.9909,26.9865,26.9858,10.0,25.16,11.91,24.0,37.02,0.39,89.75,38.64,0.57,3.08,27.024,27.0241,27.0244,27.0245,27.0257,27.0264,27.0294,27.0352,27.0364,27.0369,3.21,22.0,226.69,95.0,56.76,8.64,67.5,16.42,314.36,132.15
2021-08-20 00:04:19,LINKUSDT.HB,26.9994,26.9993,26.9992,26.9952,26.9946,26.9942,26.9909,26.9888,26.9865,26.9858,1.76,2.27,95.0,37.02,0.39,89.75,38.64,24.0,0.57,3.08,27.016,27.0161,27.0162,27.0174,27.0177,27.0219,27.0238,27.024,27.0352,27.0364,10.0,10.3,95.0,22.0,151.76,67.5,16.96,3.21,16.42,314.36
2021-08-20 00:04:20,LINKUSDT.HB,26.9954,26.9953,26.9952,26.9946,26.9942,26.9898,26.987,26.9865,26.9858,26.9852,5.08,1.9,132.02,0.39,89.75,24.0,38.64,16.99,3.08,2.5,27.0139,27.0145,27.0147,27.0156,27.0157,27.0186,27.0219,27.0238,27.024,27.0314,95.0,8.8,95.0,1.83,3.05,56.76,67.5,16.96,3.21,55.14
2021-08-20 00:04:21,LINKUSDT.HB,26.9998,26.9997,26.9984,26.9982,26.9952,26.9946,26.9942,26.9928,26.989,26.9865,17.48,95.0,301.63,95.0,37.02,0.39,89.75,24.0,38.64,16.99,27.0156,27.0209,27.021,27.0216,27.0219,27.0229,27.0264,27.0329,27.0352,27.0369,0.97,2.63,22.0,1.3,67.5,56.76,140.0,140.0,16.42,132.15
2021-08-20 00:04:22,LINKUSDT.HB,27.0005,27.0004,26.9988,26.9965,26.9961,26.9958,26.9952,26.9946,26.9942,26.9937,17.48,95.0,37.0,74.03,20.0,24.0,37.02,0.39,89.75,7.7,27.0155,27.0156,27.0175,27.0218,27.0219,27.0223,27.0235,27.0264,27.0302,27.0329,2.83,0.97,114.0,1.33,67.5,56.76,40.0,140.0,18.5,140.0
2021-08-20 00:04:23,LINKUSDT.HB,27.0029,27.0012,26.9978,26.9968,26.9965,26.9961,26.9952,26.9942,26.9937,26.993,17.48,95.0,37.0,14.05,74.03,20.0,37.02,89.75,7.7,80.0,27.0154,27.0155,27.0156,27.0194,27.0195,27.0209,27.0219,27.0235,27.0264,27.0312,0.86,2.83,0.97,0.87,56.76,22.0,67.5,40.0,140.0,18.5
2021-08-20 00:04:24,LINKUSDT.HB,26.9952,26.9942,26.993,26.9919,26.9891,26.9878,26.9875,26.9867,26.9865,26.9858,37.02,89.75,80.0,37.02,330.72,16.91,74.05,7.7,0.57,3.08,27.0077,27.0094,27.0095,27.0096,27.0097,27.0124,27.0125,27.0134,27.0137,27.0152,67.5,4.4,95.0,56.76,95.0,22.0,133.0,300.0,7.4,16.96
2021-08-20 00:04:25,LINKUSDT.HB,26.9861,26.9858,26.9852,26.9845,26.9813,26.9811,26.9777,26.9774,26.9759,26.9756,35.08,3.08,2.5,0.25,0.37,2.91,7.7,2.5,24.0,8.69,26.9944,26.9994,27.0005,27.0014,27.0047,27.0079,27.0137,27.0152,27.0153,27.016,12.98,67.5,40.0,280.0,56.76,280.0,7.4,16.96,3.21,16.42
2021-08-20 00:04:26,LINKUSDT.HB,26.9905,26.9859,26.9858,26.9852,26.9845,26.9829,26.9813,26.9811,26.9777,26.9774,95.0,5.93,3.08,2.5,0.25,15.13,0.37,2.91,7.7,150.67,27.0074,27.0075,27.0077,27.0097,27.0137,27.0141,27.0184,27.0185,27.0186,27.0218,12.98,7.4,67.5,56.76,7.4,37.05,148.19,133.24,6.11,56.1
2021-08-20 00:04:27,LINKUSDT.HB,26.9938,26.9937,26.9921,26.9871,26.9858,26.9852,26.9847,26.9845,26.9833,26.9813,2.12,37.04,24.0,86.86,3.08,2.5,7.7,0.25,16.42,0.37,27.0074,27.0075,27.0115,27.0123,27.0137,27.0148,27.0185,27.0217,27.024,27.0285,98.34,7.4,56.76,22.0,7.4,67.5,133.24,37.04,55.87,8.69
2021-08-20 00:04:28,LINKUSDT.HB,26.9937,26.9872,26.9871,26.9858,26.9852,26.9847,26.9845,26.9838,26.9833,26.9813,37.04,8.68,86.86,3.08,2.5,7.7,0.25,24.0,16.42,0.37,27.0067,27.0068,27.0069,27.0071,27.0075,27.0109,27.0123,27.0137,27.0148,27.0185,12.98,3.21,95.0,7.4,7.4,56.76,22.0,7.4,67.5,133.24
2021-08-20 00:04:29,LINKUSDT.HB,26.9858,26.9852,26.9845,26.9813,26.9811,26.9792,26.9774,26.9756,26.9749,26.9744,3.08,2.5,0.25,0.37,2.91,37.06,150.67,38.66,1.48,88.72,26.9945,26.995,26.9951,26.9974,26.9977,26.9984,26.9998,27.0065,27.0068,27.0071,12.98,262.06,95.0,56.76,22.97,128.0,67.5,16.96,3.21,44.46
2021-08-20 00:04:30,LINKUSDT.HB,26.9858,26.9852,26.9845,26.9814,26.9813,26.9811,26.9792,26.9779,26.9774,26.9767,3.08,2.5,0.25,2.02,0.37,2.91,37.06,37.04,150.67,7.7,26.9991,26.9998,27.0016,27.0055,27.0064,27.0065,27.0071,27.0075,27.0081,27.0095,12.98,67.5,56.76,1.62,20.0,16.96,44.46,23.82,18.52,40.0
2021-08-20 00:04:31,LINKUSDT.HB,26.9858,26.9852,26.9845,26.9839,26.9813,26.9811,26.9795,26.9792,26.9775,26.9774,3.08,2.5,0.25,37.04,0.37,2.91,74.08,37.06,0.49,150.67,26.9977,26.9978,26.9979,26.9986,26.9998,27.0027,27.0055,27.0064,27.0071,27.0075,262.06,12.98,90.0,3.21,67.5,56.76,1.62,20.0,62.98,16.42
2021-08-20 00:04:32,LINKUSDT.HB,26.9701,26.9694,26.9677,26.9666,26.9665,26.9617,26.9615,26.961,26.9606,26.9599,0.38,0.74,15.1,0.36,2.55,2.5,8.69,1.89,7.47,3.08,26.979,26.9817,26.9818,26.9829,26.9884,26.9888,26.9919,26.9935,26.9955,26.9978,262.92,12.98,22.0,67.5,161.0,56.76,50.0,120.0,74.13,16.96
2021-08-20 00:04:33,LINKUSDT.HB,26.9704,26.9701,26.9694,26.9677,26.9666,26.9665,26.9618,26.9617,26.961,26.9606,35.08,0.38,0.74,15.1,0.36,2.55,1.16,2.5,1.89,7.47,26.9785,26.9786,26.9829,26.9871,26.9884,26.9935,26.9978,26.9985,26.9995,27.0024,12.24,2.14,67.5,56.76,161.0,120.0,16.96,137.06,102.0,8.69
2021-08-20 00:04:34,LINKUSDT.HB,26.9701,26.9694,26.9677,26.9666,26.9665,26.9652,26.9617,26.961,26.9609,26.9606,0.38,0.74,15.1,0.36,2.55,20.0,2.5,1.89,38.07,7.47,26.9801,26.9802,26.9814,26.9815,26.9828,26.9829,26.9884,26.9895,26.9983,26.9985,0.66,95.0,56.76,82.76,12.61,67.5,161.0,16.42,37.07,137.06
2021-08-20 00:04:35,LINKUSDT.HB,26.9729,26.9728,26.9725,26.9712,26.971,26.9701,26.9694,26.9677,26.9666,26.9665,9.8,35.08,95.0,37.07,95.0,0.38,0.74,15.1,0.36,2.55,26.98,26.9905,26.9912,26.9916,26.9963,26.9983,26.9985,27.0024,27.0045,27.0064,10.62,22.0,56.76,67.5,1.73,37.07,137.06,8.69,480.0,148.28
2021-08-20 00:04:36,LINKUSDT.HB,26.9701,26.9694,26.9677,26.9666,26.9665,26.9617,26.961,26.9606,26.9599,26.9571,0.38,0.74,15.1,0.36,2.55,2.5,1.89,7.47,40.16,2.5,26.975,26.9751,26.9767,26.9778,26.9813,26.9835,26.9849,26.9875,26.9878,26.9896,269.86,95.0,56.76,67.5,22.0,135.77,146.0,40.0,17.93,1.66
2021-08-20 00:04:37,LINKUSDT.HB,26.9705,26.9702,26.9701,26.9694,26.9677,26.9666,26.9665,26.9659,26.9618,26.9617,35.08,6.32,0.38,0.74,15.1,0.36,2.55,37.06,2.92,2.5,26.9777,26.9823,26.9834,26.9835,26.9841,26.9844,26.9875,26.9878,26.9944,26.9949,3.5,22.0,20.0,135.77,56.76,67.5,40.0,17.93,15.0,15.0
2021-08-20 00:04:38,LINKUSDT.HB,26.9765,26.9763,26.9762,26.9702,26.9701,26.9699,26.9694,26.9682,26.968,26.9679,95.0,441.2,95.0,6.32,0.38,37.04,0.74,40.0,40.0,11.18,26.9916,26.9925,26.9957,26.9958,26.9976,27.0002,27.0004,27.0024,27.0025,27.0064,0.97,7.4,7.3,78.76,16.42,67.5,20.0,8.69,40.0,148.28
2021-08-20 00:04:39,LINKUSDT.HB,26.9844,26.9843,26.9842,26.984,26.9799,26.9782,26.9761,26.975,26.9737,26.9701,1.19,363.0,35.08,409.62,24.0,95.0,20.0,40.0,17.7,0.38,26.9925,27.0001,27.0002,27.0029,27.0063,27.0066,27.0094,27.0108,27.0109,27.0112,7.4,2.9,67.5,56.76,132.13,37.06,40.0,6.1,40.0,18.52
2021-08-20 00:04:40,LINKUSDT.HB,26.9724,26.9701,26.9694,26.9689,26.9677,26.9666,26.9665,26.9662,26.9646,26.9637,148.19,0.38,0.74,24.0,15.1,0.36,2.55,100.0,92.27,17.7,26.9917,26.9919,26.992,26.9921,26.9924,26.9925,26.9937,27.0001,27.002,27.0039,117.0,90.0,58.7,95.0,352.75,7.78,67.5,3.08,56.76,70.0
2021-08-20 00:04:41,LINKUSDT.HB,26.9701,26.9694,26.9677,26.9666,26.9665,26.9618,26.9617,26.9615,26.9611,26.961,0.38,0.74,15.1,0.36,2.55,1.57,2.5,37.08,148.21,1.89,26.9777,26.9788,26.979,26.9797,26.9812,26.9855,26.9856,26.9909,26.9912,26.9915,95.0,22.0,67.5,428.48,56.76,14.79,156.0,60.0,37.08,133.62
2021-08-20 00:04:42,LINKUSDT.HB,26.96,26.9572,26.9571,26.9547,26.9543,26.9542,26.9541,26.9539,26.9533,26.9532,14.81,2.32,1.56,0.25,1.04,37.09,0.79,24.0,38.69,40.0,26.9726,26.9745,26.9805,26.9806,26.9807,26.9839,26.9856,26.9909,26.9915,26.9925,67.5,2.34,7.39,2.9,56.76,37.09,156.0,60.0,133.62,7.78
2021-08-20 00:04:43,LINKUSDT.HB,26.9583,26.9582,26.9548,26.9547,26.9543,26.9542,26.9541,26.9524,26.9516,26.9511,350.04,0.74,5.66,0.25,1.04,37.09,0.79,2.5,0.21,0.85,26.9658,26.9722,26.9723,26.9732,26.9745,26.977,26.9805,26.9806,26.9829,26.9839,103.0,2.12,16.96,67.5,2.34,56.76,130.9,1.28,10.0,37.09
2021-08-20 00:04:44,LINKUSDT.HB,26.9547,26.9543,26.9541,26.9524,26.9516,26.9511,26.9484,26.9483,26.9466,26.9459,0.03,1.04,0.79,2.5,0.21,0.85,3.84,7.4,37.1,37.08,26.9646,26.9647,26.9658,26.9668,26.9672,26.9723,26.9724,26.9745,26.9759,26.9805,333.48,95.0,103.0,67.5,56.76,16.96,314.86,2.34,10.0,205.07
2021-08-20 00:04:45,LINKUSDT.HB,26.9409,26.9403,26.9389,26.9382,26.9367,26.9342,26.9341,26.9339,26.9331,26.9324,5.19,0.22,0.22,2.5,0.31,1.95,0.62,42.99,2.62,0.19,26.9516,26.9517,26.9522,26.9527,26.9536,26.954,26.9584,26.959,26.9605,26.9631,9.5,95.0,22.0,96.83,56.76,67.5,40.0,16.96,40.0,18.55
2021-08-20 00:04:46,LINKUSDT.HB,26.9342,26.9341,26.9339,26.9331,26.9324,26.9308,26.9292,26.9283,26.9282,26.9274,3.06,0.62,5.89,2.62,0.19,2.69,1.49,0.64,50.0,2.5,26.9406,26.9419,26.9421,26.9433,26.9434,26.9435,26.9436,26.9476,26.9499,26.9504,95.0,333.26,95.0,0.71,22.0,53.17,127.0,67.5,10.22,40.0
2021-08-20 00:04:47,LINKUSDT.HB,26.9342,26.9341,26.9339,26.9331,26.9324,26.9308,26.9292,26.9283,26.9282,26.9279,470.44,0.62,5.89,2.62,0.19,2.69,1.49,0.64,50.0,24.0,26.9419,26.9543,26.9579,26.958,26.9605,26.9624,26.9655,26.9658,26.9669,26.9671,2.2,67.5,126.38,37.13,40.0,20.0,16.42,103.0,36.27,5.54
2021-08-20 00:04:48,LINKUSDT.HB,26.9462,26.9453,26.9451,26.9439,26.9412,26.9404,26.9403,26.9371,26.9342,26.9341,22.0,95.0,414.86,95.0,20.0,94.32,1.11,120.0,1.95,0.62,26.9542,26.9623,26.967,26.9671,26.9684,26.9722,26.9723,26.9724,26.9735,26.9749,7.41,67.5,2.69,5.54,37.12,127.71,79.44,100.0,40.0,8.69
2021-08-20 00:04:49,LINKUSDT.HB,26.9516,26.9505,26.9494,26.9385,26.9372,26.9369,26.9342,26.9341,26.9339,26.9337,22.0,297.91,450.98,38.23,92.78,24.0,1.95,0.62,5.89,17.7,26.9542,26.9622,26.9623,26.963,26.9671,26.9721,26.9722,26.9724,26.9735,26.9749,7.41,1.62,67.5,53.17,5.54,5.47,127.71,100.0,40.0,8.69
2021-08-20 00:04:50,LINKUSDT.HB,26.9426,26.9415,26.9404,26.9354,26.9342,26.9341,26.9339,26.9331,26.9327,26.9324,22.0,353.76,16.41,1.11,21.95,0.62,5.89,2.62,17.7,0.19,26.954,26.9542,26.9583,26.9599,26.9633,26.9634,26.9635,26.9671,26.9722,26.9749,111.96,7.41,67.5,53.17,2.05,20.0,40.0,5.54,127.71,8.69
2021-08-20 00:04:51,LINKUSDT.HB,26.9427,26.9343,26.9342,26.9341,26.9339,26.9331,26.9324,26.9309,26.9308,26.9301,64.38,16.41,1.95,0.62,5.89,2.62,0.19,37.1,2.69,37.11,26.9496,26.9497,26.9498,26.9518,26.954,26.9542,26.9567,26.9631,26.9668,26.9669,2.65,37.1,95.0,67.5,16.96,7.41,53.17,18.55,5.47,60.0
2021-08-20 00:04:52,LINKUSDT.HB,26.9367,26.9366,26.9342,26.9341,26.9339,26.9331,26.9324,26.9308,26.9301,26.9292,6.87,0.74,1.95,0.62,5.89,2.62,0.19,2.69,37.11,1.49,26.9463,26.9464,26.9465,26.9478,26.9479,26.9484,26.9492,26.9493,26.9494,26.9518,22.0,73.83,95.0,5.47,95.0,53.17,90.0,17.91,3.46,67.5
2021-08-20 00:04:53,LINKUSDT.HB,26.9367,26.9354,26.9352,26.9309,26.9308,26.9301,26.9292,26.9289,26.9283,26.9282,95.0,424.4,508.35,11.39,2.69,37.11,1.49,24.0,0.64,50.0,26.9493,26.9581,26.9668,26.9669,26.9671,26.9686,26.9729,26.9749,26.9756,26.9763,16.96,67.5,4.68,133.59,5.54,37.12,10.0,8.69,8.69,55.2
2021-08-20 00:04:54,LINKUSDT.HB,26.9415,26.9414,26.9412,26.9411,26.938,26.9379,26.9308,26.9306,26.9292,26.9283,506.8,95.0,54.07,372.38,86.93,24.0,2.69,38.72,1.49,0.64,26.9555,26.9606,26.9607,26.9632,26.9636,26.9648,26.9668,26.9671,26.9728,26.9729,1.62,3.09,67.5,53.17,2.03,95.0,1.35,5.54,135.23,10.0
2021-08-20 00:04:55,LINKUSDT.HB,26.9561,26.956,26.9557,26.9554,26.9504,26.9479,26.9458,26.9447,26.9418,26.9416,10.0,10.35,364.94,372.38,37.09,24.0,95.0,37.11,148.33,4.06,26.9606,26.9636,26.9648,26.9668,26.9671,26.9673,26.9756,26.9813,26.9819,26.9824,1.81,0.53,95.0,1.35,5.54,67.5,8.69,6.09,15.0,15.0
2021-08-20 00:04:56,LINKUSDT.HB,26.9505,26.9504,26.9419,26.9418,26.9416,26.9399,26.938,26.9351,26.9322,26.9308,13.35,37.09,100.66,148.33,4.06,24.0,86.93,38.71,16.42,2.69,26.9592,26.9605,26.9606,26.9636,26.9648,26.9652,26.9667,26.9668,26.9671,26.9673,95.0,90.0,0.85,0.53,95.0,53.17,1.16,1.35,5.54,67.5
2021-08-20 00:04:57,LINKUSDT.HB,26.9381,26.932,26.9319,26.9308,26.9292,26.9283,26.9282,26.9274,26.9264,26.9259,4.32,92.01,24.0,2.69,1.49,83.64,50.0,2.5,148.36,38.72,26.9527,26.953,26.9542,26.9543,26.9564,26.9606,26.9636,26.9645,26.9671,26.9674,8.53,95.0,53.17,67.5,95.0,0.85,0.53,40.0,5.54,20.0
2021-08-20 00:04:58,LINKUSDT.HB,26.9688,26.9677,26.9653,26.9642,26.9609,26.9599,26.9587,26.9583,26.9575,26.957,22.0,10.0,6.67,37.08,18.53,37.08,95.0,0.38,74.14,95.0,26.9725,26.9756,26.976,26.9854,26.9868,26.987,26.9882,26.9883,26.989,26.9905,2.5,8.69,67.5,20.0,53.17,37.08,2.5,8.69,14.78,133.11
2021-08-20 00:04:59,LINKUSDT.HB,26.9654,26.961,26.9599,26.957,26.9569,26.9505,26.9502,26.9489,26.9483,26.9481,2.19,22.0,37.08,95.0,18.53,74.14,40.0,24.0,89.66,40.0,26.9724,26.9725,26.976,26.9826,26.9827,26.9854,26.987,26.9882,26.9883,26.989,7.41,2.5,67.5,3.76,53.17,20.0,37.08,2.5,8.69,14.78
2021-08-20 00:05:00,LINKUSDT.HB,26.9787,26.9686,26.9685,26.9679,26.9663,26.9662,26.9654,26.9649,26.9641,26.9609,7.07,0.94,74.12,132.07,86.72,40.0,95.0,24.0,40.0,10.0,26.988,26.9882,26.9883,26.989,26.9898,26.9899,26.9905,26.991,26.9919,26.9932,3.19,2.5,8.69,8.69,0.61,22.0,0.74,53.17,70.0,6.09
2021-08-20 00:05:01,LINKUSDT.HB,26.9681,26.968,26.9679,26.9654,26.9629,26.9609,26.9592,26.9572,26.9571,26.9565,11.43,0.94,37.07,95.0,18.53,24.0,40.0,89.55,40.0,81.64,26.9846,26.985,26.9851,26.9852,26.9853,26.9855,26.9864,26.9879,26.9882,26.9905,22.0,10.45,95.0,73.83,95.0,67.5,20.0,53.17,2.5,0.74
2021-08-20 00:05:02,LINKUSDT.HB,26.9656,26.9655,26.9654,26.9639,26.9609,26.9586,26.9585,26.957,26.9565,26.9564,0.38,1.15,95.0,18.53,24.0,37.08,74.14,16.42,81.64,148.27,26.9798,26.9799,26.9805,26.9807,26.9819,26.9833,26.9844,26.9855,26.9864,26.9882,2.34,22.0,53.17,73.83,11.62,95.0,250.86,67.5,20.0,1.2
2021-08-20 00:05:03,LINKUSDT.HB,26.9659,26.9655,26.9654,26.961,26.9609,26.9586,26.957,26.9565,26.9564,26.9549,1.11,1.15,95.0,9.32,61.06,37.08,16.42,74.13,148.27,38.7,26.9689,26.9786,26.9787,26.979,26.9793,26.9794,26.9833,26.9844,26.9864,26.9865,17.09,8.46,53.17,22.0,0.71,72.06,95.0,250.86,20.0,40.0
2021-08-20 00:05:04,LINKUSDT.HB,26.966,26.9659,26.9629,26.961,26.9609,26.9586,26.957,26.9565,26.9564,26.9549,0.37,1.11,18.53,8.91,24.0,37.08,16.42,74.14,148.27,38.7,26.9688,26.9689,26.977,26.9771,26.9794,26.98,26.9824,26.9833,26.9844,26.9864,22.2,17.09,8.46,22.0,67.5,53.17,315.15,95.0,250.86,20.0
2021-08-20 00:05:05,LINKUSDT.HB,26.9797,26.9795,26.9793,26.9779,26.971,26.9703,26.969,26.9689,26.968,26.967,400.7,37.06,10.0,166.0,40.0,6.56,89.33,90.0,37.07,95.0,26.9882,26.9905,26.9919,26.9945,26.9949,26.9959,26.996,26.9966,26.998,26.9981,1.2,0.74,2.5,22.0,37.08,0.74,2.5,3.08,3.4,18.52
2021-08-20 00:05:06,LINKUSDT.HB,26.9919,26.987,26.9798,26.9779,26.9759,26.9749,26.9718,26.9703,26.969,26.9689,10.0,13.42,95.0,18.52,24.0,10.0,16.42,6.56,90.27,90.0,26.9959,26.996,26.9966,27.0013,27.0047,27.0048,27.0067,27.0069,27.0071,27.0109,0.74,2.5,3.08,0.74,0.72,53.17,0.74,64.8,18.52,9.37
2021-08-20 00:05:07,LINKUSDT.HB,26.9776,26.9774,26.972,26.9719,26.9718,26.9706,26.9703,26.968,26.9649,26.9565,0.89,2.25,6.81,1.29,16.42,0.59,6.56,37.06,1.48,88.13,26.9869,26.987,26.9883,26.9885,26.99,26.9903,26.9934,26.9959,26.9965,26.9966,22.0,95.0,82.29,95.0,53.17,66.25,5.39,0.74,133.89,3.08
2021-08-20 00:05:08,LINKUSDT.HB,26.9774,26.972,26.9719,26.9703,26.9686,26.968,26.9649,26.9635,26.9571,26.9566,2.25,6.41,1.29,6.56,38.68,37.06,1.48,107.0,2.5,0.59,26.9884,26.9891,26.9903,26.9927,26.9959,26.996,26.9965,26.9966,27.0013,27.0037,22.0,10.8,66.25,53.17,0.74,2.36,133.89,3.08,0.74,37.07
2021-08-20 00:05:09,LINKUSDT.HB,26.9843,26.9842,26.9775,26.9768,26.973,26.972,26.9719,26.9703,26.9696,26.9693,9.29,95.0,16.96,37.05,346.85,86.37,11.1,6.56,16.42,38.67,26.9959,26.996,26.9966,27.0013,27.0036,27.006,27.0067,27.0072,27.0109,27.0121,0.74,2.36,3.08,0.74,133.41,53.17,0.74,64.8,9.37,0.74
2021-08-20 00:05:10,LINKUSDT.HB,26.9846,26.9776,26.9775,26.9769,26.9768,26.9719,26.9712,26.9703,26.964,26.9635,0.89,7.63,16.96,0.57,33.4,1.29,20.0,6.56,86.92,38.68,26.992,26.9921,26.9926,26.9928,26.9938,26.9956,26.9959,26.9966,26.999,27.0004,3.49,117.0,73.83,95.0,53.17,2.34,0.74,3.08,64.8,20.0
2021-08-20 00:05:11,LINKUSDT.HB,26.9846,26.9779,26.9769,26.972,26.9719,26.9712,26.9703,26.9699,26.9661,26.9653,0.89,18.52,0.57,18.39,1.29,20.0,6.56,24.0,40.0,38.68,26.9902,26.9903,26.992,26.9921,26.9959,26.9961,26.9965,26.9966,26.999,27.0004,14.81,73.83,1.5,95.0,0.74,53.17,40.0,3.08,64.8,20.0
2021-08-20 00:05:12,LINKUSDT.HB,26.9847,26.9846,26.9769,26.9739,26.972,26.9719,26.9712,26.9703,26.9695,26.9661,6.32,0.89,0.57,37.04,18.39,1.29,20.0,6.56,74.11,40.0,26.9892,26.9902,26.9903,26.9915,26.9921,26.9958,26.9959,26.9965,26.9966,26.999,22.0,29.62,73.83,53.17,95.0,3.49,0.74,40.0,2.64,64.8
2021-08-20 00:05:13,LINKUSDT.HB,26.9635,26.9617,26.9582,26.9571,26.9568,26.9524,26.9519,26.9499,26.9488,26.9481,38.68,2.5,6.56,122.5,180.0,2.5,37.06,50.0,8.69,8.69,26.9794,26.9802,26.9815,26.9817,26.9821,26.9831,26.9841,26.9858,26.9902,26.9915,22.0,95.0,94.28,95.0,64.8,2.22,53.17,20.0,29.62,120.0
2021-08-20 00:05:14,LINKUSDT.HB,26.9617,26.9571,26.9524,26.95,26.9499,26.9444,26.9429,26.94,26.9399,26.9382,2.5,2.5,2.5,1.14,50.0,6.56,96.02,157.99,24.0,2.5,26.9658,26.9664,26.9665,26.9666,26.9672,26.9683,26.9748,26.9777,26.9815,26.9841,21.8,7.41,95.0,16.11,127.0,95.0,67.5,178.09,16.96,127.14
2021-08-20 00:05:15,LINKUSDT.HB,26.9401,26.94,26.9382,26.9339,26.9328,26.9309,26.9308,26.9292,26.9287,26.9283,1.15,157.99,2.5,3.08,6.56,98.84,2.69,1.49,83.26,0.64,26.9513,26.9517,26.9523,26.9555,26.9559,26.9569,26.9592,26.9594,26.9664,26.9759,22.0,9.81,16.32,113.0,7.01,53.17,65.26,95.0,121.41,55.82
2021-08-20 00:05:16,LINKUSDT.HB,26.9341,26.9339,26.9308,26.9292,26.9283,26.9274,26.9243,26.9238,26.9235,26.9226,391.0,3.08,2.69,1.49,0.64,2.5,38.72,0.24,12.53,0.9,26.9388,26.9389,26.9393,26.9428,26.9439,26.9485,26.9503,26.9554,26.9624,26.9629,9.81,6.09,856.69,22.0,67.5,53.17,16.96,123.28,15.0,15.0
2021-08-20 00:05:17,LINKUSDT.HB,26.934,26.9339,26.9308,26.9292,26.9283,26.9274,26.9243,26.9238,26.9235,26.9226,350.04,98.08,2.69,1.49,0.64,2.5,38.72,0.24,12.53,0.9,26.9393,26.9439,26.9497,26.9503,26.9554,26.9623,26.9624,26.9629,26.9659,26.9664,404.76,67.5,53.17,16.96,123.28,15.95,15.0,15.0,8.26,121.41
2021-08-20 00:05:18,LINKUSDT.HB,26.9339,26.9308,26.9292,26.9283,26.9274,26.9238,26.9235,26.9226,26.9215,26.9214,3.08,2.69,1.49,0.64,2.5,0.24,12.53,0.9,0.8,0.23,26.9388,26.9389,26.9392,26.9439,26.9471,26.95,26.9554,26.9588,26.9593,26.9659,75.07,76.62,53.17,67.5,118.0,60.0,123.28,15.0,52.13,8.26
2021-08-20 00:05:19,LINKUSDT.HB,26.9343,26.9342,26.9341,26.9339,26.9319,26.9308,26.9292,26.9283,26.9274,26.9268,1.48,409.62,23.08,3.08,37.1,2.69,1.49,0.64,2.5,20.0,26.9484,26.9499,26.952,26.9588,26.9592,26.9593,26.9605,26.9631,26.9649,26.965,3.95,53.17,64.8,40.0,1.15,37.13,40.0,18.55,124.61,40.0
2021-08-20 00:05:20,LINKUSDT.HB,26.9341,26.9339,26.9308,26.9292,26.9283,26.9274,26.9238,26.9235,26.9226,26.9215,23.08,3.08,2.69,1.49,0.64,2.5,0.24,12.53,0.9,2.95,26.9403,26.9404,26.9405,26.9406,26.9407,26.9408,26.9448,26.9478,26.9491,26.9495,9.72,7.42,95.0,73.83,95.0,53.17,67.5,168.86,18.56,40.0
2021-08-20 00:05:21,LINKUSDT.HB,26.915,26.9147,26.9146,26.9144,26.9139,26.9137,26.9129,26.9127,26.9117,26.9109,271.97,2.5,3.62,1.36,0.57,5.31,1.17,0.36,0.51,29.01,26.9253,26.9254,26.9272,26.9304,26.9305,26.9306,26.931,26.9404,26.9422,26.9478,22.0,40.59,95.0,24.38,65.55,53.17,158.0,7.42,20.0,128.86
2021-08-20 00:05:22,LINKUSDT.HB,26.915,26.9147,26.9146,26.9144,26.9139,26.9137,26.9129,26.9127,26.9117,26.9109,271.97,2.5,3.62,1.36,0.57,5.31,1.17,0.36,0.51,29.01,26.9235,26.9236,26.9263,26.9269,26.9272,26.9304,26.9305,26.9404,26.9422,26.9428,30.0,8.83,53.17,22.0,95.0,24.38,65.55,7.42,20.0,149.0
2021-08-20 00:05:23,LINKUSDT.HB,26.915,26.9147,26.9146,26.9144,26.9139,26.9137,26.9129,26.9127,26.9117,26.9109,271.97,2.5,3.62,1.36,0.57,5.31,1.17,0.36,0.51,29.01,26.9219,26.922,26.9267,26.9272,26.9289,26.9304,26.9305,26.9404,26.9422,26.9428,30.0,0.81,22.0,95.0,53.17,7.42,65.55,7.42,20.0,149.0
2021-08-20 00:05:24,LINKUSDT.HB,26.9073,26.9068,26.9058,26.9047,26.9046,26.9036,26.9032,26.903,26.9024,26.902,3.21,0.28,38.76,2.55,0.26,0.9,0.23,0.52,2.5,2.91,26.9125,26.9126,26.9151,26.9201,26.9203,26.9204,26.9217,26.9218,26.9219,26.9236,115.35,14.43,67.5,22.0,10.59,95.0,90.0,16.96,95.0,53.17
2021-08-20 00:05:25,LINKUSDT.HB,26.9047,26.9046,26.9036,26.9032,26.903,26.9024,26.902,26.9009,26.9006,26.9002,2.55,0.26,0.9,0.23,0.52,2.5,2.91,18.57,3.07,0.4,26.9116,26.914,26.9151,26.9154,26.9217,26.9218,26.9235,26.9304,26.9359,26.9396,10.56,22.0,67.5,53.17,90.0,16.96,136.19,7.42,55.36,56.12
2021-08-20 00:05:26,LINKUSDT.HB,26.9,26.8991,26.899,26.8959,26.8955,26.8946,26.8939,26.8935,26.8933,26.8925,141.02,0.63,0.31,0.61,0.71,6.56,2.18,2.81,0.25,0.72,26.9099,26.9106,26.9119,26.9126,26.9139,26.915,26.9151,26.9157,26.918,26.9185,22.0,95.0,16.96,95.0,90.0,10.57,67.5,20.0,151.0,40.0
2021-08-20 00:05:27,LINKUSDT.HB,26.9,26.8991,26.899,26.896,26.8959,26.8955,26.8946,26.8939,26.8935,26.8933,141.02,0.63,0.31,1.37,0.61,0.71,6.56,2.18,2.81,0.25,26.9096,26.9097,26.9119,26.914,26.9151,26.9176,26.9227,26.9235,26.9239,26.9241,1.71,7.43,16.96,22.0,67.5,53.17,40.0,136.19,16.42,10.0
2021-08-20 00:05:28,LINKUSDT.HB,26.9,26.8991,26.899,26.8959,26.8955,26.8947,26.8946,26.8939,26.8935,26.8933,141.02,0.63,0.31,0.61,0.71,1.21,6.56,2.18,2.81,0.25,26.9043,26.9084,26.9085,26.9095,26.9097,26.9118,26.9151,26.9167,26.9185,26.9235,0.54,5.26,7.43,53.17,7.43,22.0,67.5,40.0,40.0,136.19
2021-08-20 00:05:29,LINKUSDT.HB,26.9001,26.9,26.8999,26.8991,26.899,26.8959,26.8955,26.8946,26.8939,26.8935,1.38,141.02,37.16,0.63,0.31,0.61,0.71,6.56,2.18,2.81,26.9085,26.9097,26.9125,26.9139,26.9151,26.9167,26.9185,26.9235,26.9241,26.9265,7.43,7.43,3.6,53.17,67.5,40.0,40.0,136.19,28.58,74.32
2021-08-20 00:05:30,LINKUSDT.HB,26.9,26.8991,26.899,26.896,26.8959,26.8955,26.8946,26.8939,26.8935,26.8933,141.02,0.63,0.31,1.55,37.75,0.71,6.56,2.18,2.81,0.25,26.9084,26.9085,26.9097,26.9142,26.9145,26.9151,26.9167,26.9185,26.9235,26.9241,0.44,7.43,7.43,22.0,53.17,67.5,40.0,40.0,136.19,10.0
2021-08-20 00:05:31,LINKUSDT.HB,26.9059,26.9005,26.9001,26.9,26.8991,26.899,26.8959,26.8955,26.8946,26.8939,37.14,74.3,3.64,140.73,0.63,0.31,40.61,0.71,6.56,2.18,26.9085,26.9097,26.915,26.9151,26.9202,26.9274,26.9277,26.9289,26.9297,26.9305,6.93,7.43,7.46,67.5,53.17,131.42,55.55,1130.39,60.0,104.0
