timestamp,symbol,b1,b2,b3,b4,b5,b6,b7,b8,b9,b10,bv1,bv2,bv3,bv4,bv5,bv6,bv7,bv8,bv9,bv10,a1,a2,a3,a4,a5,a6,a7,a8,a9,a10,av1,av2,av3,av4,av5,av6,av7,av8,av9,av10
2021-08-20 00:00:00,LINKUSDT.BNC,27.095,27.088,27.085,27.083,27.082,27.081,27.079,27.078,27.077,27.076,988.45,215.284,195.0,40.0,34.442,73.42,108.254,480.74,218.218,354.909,27.101,27.105,27.106,27.107,27.108,27.109,27.11,27.111,27.112,27.113,21.079,163.422,25.909,190.0,19.252,107.023,5.962,93.62,14.277,180.377
2021-08-20 00:00:01,LINKUSDT.BNC,27.095,27.089,27.088,27.087,27.085,27.082,27.081,27.08,27.079,27.078,964.45,13.122,215.284,34.303,106.877,34.442,68.25,195.0,68.254,480.74,27.1,27.104,27.105,27.107,27.108,27.109,27.11,27.111,27.112,27.113,21.079,25.909,163.422,190.0,19.252,607.023,5.962,93.62,89.522,180.377
2021-08-20 00:00:02,LINKUSDT.BNC,27.095,27.09,27.089,27.088,27.087,27.085,27.082,27.081,27.08,27.079,462.036,15.574,111.643,215.284,34.303,106.877,34.442,68.25,195.0,88.281,27.096,27.1,27.101,27.104,27.105,27.107,27.108,27.109,27.11,27.111,20.0,14.871,24.0,1.496,181.876,190.0,52.87,840.946,185.962,75.17
2021-08-20 00:00:03,LINKUSDT.BNC,27.09,27.089,27.088,27.087,27.086,27.085,27.084,27.082,27.081,27.08,23.642,41.693,39.553,34.303,0.615,180.0,106.877,34.442,68.25,195.0,27.1,27.101,27.104,27.105,27.107,27.108,27.109,27.11,27.111,27.113,1.079,24.0,0.915,181.877,190.0,52.87,840.946,185.962,75.17,180.377
2021-08-20 00:00:04,LINKUSDT.BNC,27.093,27.091,27.09,27.089,27.088,27.085,27.084,27.082,27.081,27.08,1.079,24.314,23.642,101.303,253.935,180.0,106.877,34.442,68.25,195.0,27.101,27.103,27.104,27.105,27.107,27.108,27.109,27.11,27.111,27.113,5.265,18.455,2.411,163.422,190.0,52.87,840.946,185.962,0.5,180.377
2021-08-20 00:00:05,LINKUSDT.BNC,27.091,27.09,27.089,27.088,27.086,27.085,27.082,27.081,27.08,27.079,22.577,23.642,101.303,253.935,100.414,286.877,34.442,68.25,264.953,88.281,27.101,27.102,27.103,27.104,27.105,27.107,27.108,27.109,27.11,27.111,5.265,15.761,18.455,2.411,163.422,282.314,52.87,896.317,185.962,75.09
2021-08-20 00:00:06,LINKUSDT.BNC,27.091,27.09,27.088,27.086,27.085,27.082,27.081,27.08,27.079,27.078,15.481,23.642,74.808,100.414,286.877,34.442,68.25,264.953,88.281,480.74,27.1,27.101,27.102,27.104,27.105,27.107,27.108,27.109,27.11,27.111,0.079,5.265,35.31,17.638,163.422,282.314,52.87,790.543,185.962,18.952
2021-08-20 00:00:07,LINKUSDT.BNC,27.092,27.091,27.09,27.088,27.086,27.085,27.082,27.081,27.08,27.079,13.694,15.481,23.642,74.808,100.414,286.877,34.442,76.783,264.953,88.281,27.1,27.101,27.102,27.104,27.105,27.107,27.108,27.109,27.11,27.111,17.319,20.492,35.31,2.411,163.422,282.314,52.87,790.543,204.415,0.5
2021-08-20 00:00:08,LINKUSDT.BNC,27.092,27.091,27.09,27.089,27.088,27.086,27.085,27.082,27.081,27.08,13.696,15.481,23.642,26.184,39.553,100.414,286.877,34.442,76.783,264.953,27.095,27.101,27.102,27.104,27.105,27.107,27.108,27.109,27.11,27.111,20.708,20.271,68.942,2.411,163.422,462.314,52.87,290.543,204.415,574.81
2021-08-20 00:00:09,LINKUSDT.BNC,27.093,27.092,27.091,27.09,27.089,27.088,27.086,27.085,27.082,27.081,1.07,27.033,14.799,62.426,74.681,213.363,100.414,286.877,34.442,76.783,27.102,27.104,27.105,27.106,27.107,27.108,27.109,27.11,27.111,27.113,34.67,24.0,468.729,220.854,282.314,52.87,290.543,24.415,574.81,180.377
2021-08-20 00:00:10,LINKUSDT.BNC,27.093,27.092,27.091,27.09,27.089,27.088,27.086,27.085,27.082,27.081,1.07,41.703,21.855,62.426,74.681,213.363,100.414,286.877,34.442,76.783,27.102,27.104,27.105,27.106,27.107,27.108,27.109,27.11,27.111,27.113,34.67,25.496,468.729,218.242,92.314,52.87,290.543,5.962,593.261,180.377
2021-08-20 00:00:11,LINKUSDT.BNC,27.082,27.081,27.08,27.079,27.076,27.075,27.074,27.072,27.071,27.07,74.81,370.0,33.044,37.277,295.779,216.915,0.997,180.0,83.876,240.746,27.091,27.092,27.095,27.1,27.101,27.103,27.104,27.105,27.106,27.107,24.0,163.438,78.254,37.757,36.917,18.462,1.496,110.681,180.0,99.654
2021-08-20 00:00:12,LINKUSDT.BNC,27.088,27.083,27.082,27.08,27.079,27.078,27.076,27.075,27.074,27.071,24.81,3.7,24.0,34.541,217.277,176.0,12.779,236.942,0.997,278.876,27.09,27.093,27.094,27.095,27.096,27.099,27.1,27.101,27.105,27.107,20.0,1.07,24.0,0.461,105.774,1.116,56.219,36.917,344.604,272.314
2021-08-20 00:00:13,LINKUSDT.BNC,27.085,27.083,27.08,27.079,27.078,27.077,27.076,27.075,27.074,27.071,2.052,15.975,33.044,217.277,176.0,87.402,12.779,236.942,0.997,278.876,27.095,27.096,27.1,27.101,27.105,27.107,27.108,27.109,27.11,27.111,78.228,105.774,56.217,36.917,233.923,272.314,52.87,1.249,5.962,74.81
2021-08-20 00:00:14,LINKUSDT.BNC,27.086,27.084,27.083,27.082,27.081,27.08,27.079,27.078,27.076,27.075,1.079,14.338,63.958,180.0,87.615,137.652,217.277,176.0,70.506,236.942,27.095,27.096,27.099,27.1,27.101,27.103,27.105,27.107,27.108,27.109,33.859,105.774,1.116,37.757,36.917,81.644,233.923,272.314,52.87,1.249
2021-08-20 00:00:15,LINKUSDT.BNC,27.094,27.089,27.087,27.086,27.083,27.082,27.081,27.08,27.079,27.078,20.0,14.0,1.47,181.079,63.816,180.0,87.615,137.652,217.277,176.0,27.095,27.099,27.1,27.101,27.105,27.107,27.108,27.109,27.11,27.111,31.265,14.193,37.757,36.917,233.923,92.314,52.87,181.249,5.962,74.81
2021-08-20 00:00:16,LINKUSDT.BNC,27.104,27.103,27.102,27.098,27.093,27.092,27.09,27.089,27.088,27.087,20.0,256.501,263.95,180.0,180.0,11.079,95.998,395.027,83.715,138.947,27.107,27.108,27.109,27.11,27.111,27.113,27.114,27.115,27.116,27.118,86.101,33.618,1.249,5.962,74.81,0.377,38.519,2.237,82.63,18.749
2021-08-20 00:00:17,LINKUSDT.BNC,27.122,27.105,27.104,27.103,27.102,27.096,27.095,27.092,27.09,27.089,0.738,239.372,3.156,180.0,243.95,20.0,110.0,414.587,90.0,195.0,27.124,27.125,27.126,27.127,27.128,27.13,27.131,27.132,27.133,27.135,26.335,13.676,233.923,67.801,71.199,9.454,177.001,244.336,36.267,300.792
2021-08-20 00:00:18,LINKUSDT.BNC,27.113,27.112,27.109,27.106,27.103,27.102,27.099,27.097,27.096,27.095,24.0,33.856,163.373,1.079,85.391,243.95,100.0,90.0,20.0,203.5,27.119,27.121,27.124,27.125,27.127,27.128,27.13,27.131,27.132,27.133,2.587,92.269,2.335,13.676,21.657,129.891,9.454,127.001,234.336,76.267
2021-08-20 00:00:19,LINKUSDT.BNC,27.11,27.102,27.101,27.1,27.097,27.096,27.095,27.094,27.093,27.092,3.156,1.079,286.078,184.501,128.189,115.42,203.5,96.743,20.027,315.0,27.12,27.121,27.124,27.127,27.128,27.129,27.13,27.131,27.132,27.133,13.45,188.01,190.0,7.801,128.891,234.923,236.794,357.001,34.336,36.267
2021-08-20 00:00:20,LINKUSDT.BNC,27.11,27.108,27.107,27.103,27.102,27.101,27.1,27.099,27.098,27.097,18.43,190.0,368.346,3.698,50.0,173.393,229.136,50.0,100.0,201.579,27.132,27.133,27.135,27.136,27.137,27.138,27.139,27.14,27.141,27.142,16.518,36.267,110.792,9.765,79.767,303.312,106.799,8.182,184.314,151.942
2021-08-20 00:00:21,LINKUSDT.BNC,27.115,27.113,27.112,27.108,27.107,27.106,27.105,27.104,27.103,27.1,36.879,40.086,183.154,190.0,33.272,195.0,265.0,200.0,65.0,34.136,27.12,27.124,27.127,27.129,27.13,27.133,27.134,27.136,27.137,27.138,18.609,18.609,37.218,190.0,74.436,0.95,10.0,181.079,25.0,3.693
2021-08-20 00:00:22,LINKUSDT.BNC,27.124,27.123,27.121,27.119,27.118,27.117,27.115,27.113,27.111,27.108,8.407,24.0,181.843,39.22,180.0,88.045,36.879,40.086,195.0,450.0,27.133,27.136,27.14,27.142,27.144,27.145,27.146,27.147,27.148,27.149,0.95,1.079,24.0,3.693,189.431,190.0,264.977,6.369,112.52,585.992
2021-08-20 00:00:23,LINKUSDT.BNC,27.121,27.119,27.116,27.115,27.113,27.108,27.107,27.105,27.104,27.103,0.133,34.388,12.723,36.879,220.086,190.0,253.272,220.0,238.922,76.873,27.128,27.131,27.132,27.133,27.134,27.138,27.139,27.141,27.142,27.143,20.0,1.079,24.0,1.469,233.923,21.026,180.0,36.879,84.352,190.0
2021-08-20 00:00:24,LINKUSDT.BNC,27.122,27.121,27.12,27.119,27.115,27.114,27.113,27.108,27.107,27.105,3.155,63.961,193.362,10.388,36.879,77.033,220.086,190.0,253.272,220.0,27.135,27.137,27.14,27.141,27.142,27.144,27.145,27.146,27.147,27.148,24.0,21.026,233.923,46.879,73.81,239.431,215.0,247.159,6.369,181.623
2021-08-20 00:00:25,LINKUSDT.BNC,27.119,27.115,27.113,27.107,27.103,27.102,27.101,27.1,27.099,27.096,10.388,36.879,220.086,33.272,76.873,110.0,305.0,179.136,224.332,74.45,27.121,27.128,27.129,27.13,27.133,27.134,27.135,27.137,27.138,27.139,20.0,22.105,12.668,24.0,10.0,190.0,50.0,25.0,145.984,183.155
2021-08-20 00:00:26,LINKUSDT.BNC,27.085,27.084,27.081,27.08,27.078,27.076,27.074,27.07,27.069,27.068,68.384,5.0,92.209,33.044,242.679,161.388,0.997,240.746,428.922,24.128,27.093,27.103,27.104,27.105,27.106,27.11,27.113,27.116,27.117,27.118,13.543,11.55,190.0,187.183,190.0,433.923,245.0,180.0,150.0,190.0
2021-08-20 00:00:27,LINKUSDT.BNC,27.086,27.081,27.08,27.079,27.078,27.076,27.074,27.07,27.069,27.068,17.321,11.571,44.122,21.945,62.679,27.185,0.997,320.746,195.0,60.0,27.096,27.097,27.101,27.103,27.104,27.105,27.106,27.11,27.111,27.112,21.079,233.923,3.155,44.355,190.0,187.183,190.0,161.83,72.91,100.0
2021-08-20 00:00:28,LINKUSDT.BNC,27.083,27.082,27.081,27.08,27.079,27.078,27.076,27.074,27.07,27.069,17.695,19.926,28.242,44.122,21.945,109.08,43.842,0.997,320.746,195.0,27.088,27.092,27.093,27.094,27.103,27.104,27.105,27.106,27.109,27.11,20.0,24.234,24.0,190.0,44.355,290.0,187.183,190.0,82.168,11.83
2021-08-20 00:00:29,LINKUSDT.BNC,27.087,27.086,27.084,27.081,27.08,27.079,27.078,27.076,27.075,27.074,8.242,17.321,12.798,15.444,44.122,21.945,109.08,43.842,60.0,476.919,27.09,27.094,27.095,27.1,27.103,27.104,27.105,27.106,27.109,27.11,20.0,21.079,1.0,3.155,44.355,423.923,187.183,190.0,82.168,11.83
2021-08-20 00:00:30,LINKUSDT.BNC,27.088,27.087,27.086,27.084,27.082,27.081,27.08,27.079,27.078,27.076,218.222,153.548,140.741,12.458,34.457,108.567,44.122,21.945,129.08,187.93,27.094,27.095,27.101,27.102,27.103,27.104,27.105,27.109,27.11,27.111,0.275,1.0,24.0,3.155,44.355,423.923,187.183,82.168,11.83,109.828
2021-08-20 00:00:31,LINKUSDT.BNC,27.1,27.096,27.094,27.093,27.09,27.089,27.088,27.087,27.086,27.085,40.0,228.0,12.766,180.0,93.123,180.804,35.061,218.447,17.321,180.0,27.107,27.108,27.111,27.118,27.12,27.123,27.126,27.127,27.129,27.13,1.0,12.766,36.918,190.0,164.047,11.83,73.3,40.0,117.86,89.948
2021-08-20 00:00:32,LINKUSDT.BNC,27.12,27.11,27.107,27.106,27.103,27.102,27.1,27.099,27.098,27.097,40.0,24.0,163.453,93.123,1.079,101.518,33.461,195.0,180.0,138.293,27.124,27.129,27.13,27.132,27.133,27.134,27.135,27.137,27.138,27.14,24.0,117.86,106.877,51.252,66.501,190.0,92.266,245.753,135.943,110.538
2021-08-20 00:00:33,LINKUSDT.BNC,27.116,27.111,27.109,27.108,27.107,27.103,27.1,27.099,27.098,27.097,49.018,24.0,90.334,164.974,93.123,192.069,33.461,195.0,180.0,322.751,27.119,27.122,27.129,27.13,27.132,27.133,27.134,27.135,27.136,27.137,16.398,176.828,197.86,311.237,33.434,123.802,190.0,92.266,143.455,283.923
2021-08-20 00:00:34,LINKUSDT.BNC,27.109,27.105,27.103,27.101,27.1,27.097,27.096,27.094,27.093,27.092,1.079,24.0,12.77,74.719,213.461,27.751,228.0,178.088,180.0,195.0,27.114,27.115,27.116,27.117,27.118,27.121,27.122,27.124,27.125,27.126,35.282,11.823,176.817,190.0,233.923,20.0,270.0,34.89,204.0,109.257
2021-08-20 00:00:35,LINKUSDT.BNC,27.097,27.094,27.093,27.088,27.087,27.086,27.085,27.084,27.083,27.082,27.751,33.214,273.123,35.061,289.246,17.321,195.0,5.0,196.385,34.457,27.106,27.109,27.113,27.115,27.116,27.117,27.118,27.12,27.121,27.122,40.0,176.812,20.0,90.0,11.642,321.877,180.0,245.753,74.502,300.0
2021-08-20 00:00:36,LINKUSDT.BNC,27.086,27.083,27.08,27.079,27.078,27.077,27.076,27.075,27.074,27.073,197.321,181.385,306.167,57.557,109.08,168.588,205.748,80.0,234.919,72.054,27.11,27.116,27.117,27.121,27.125,27.127,27.128,27.129,27.131,27.132,44.646,180.0,310.0,75.0,55.357,74.13,235.249,117.86,360.0,33.434
2021-08-20 00:00:37,LINKUSDT.BNC,27.087,27.086,27.084,27.083,27.082,27.08,27.079,27.078,27.077,27.076,409.772,198.321,93.123,181.385,34.36,33.044,57.557,109.08,168.588,187.93,27.1,27.101,27.109,27.11,27.111,27.112,27.116,27.117,27.121,27.125,20.0,105.774,307.523,64.0,74.48,413.923,210.0,270.0,75.0,55.357
2021-08-20 00:00:38,LINKUSDT.BNC,27.097,27.096,27.09,27.089,27.086,27.083,27.082,27.081,27.08,27.079,326.357,106.157,224.434,180.0,198.321,118.781,164.36,175.0,93.044,57.557,27.103,27.111,27.113,27.114,27.116,27.117,27.118,27.119,27.121,27.122,20.0,24.0,13.034,180.0,36.908,180.0,37.411,106.877,180.0,140.0
2021-08-20 00:00:39,LINKUSDT.BNC,27.108,27.107,27.101,27.1,27.099,27.097,27.096,27.095,27.089,27.088,3.697,3.687,13.102,20.686,119.847,63.349,180.0,1.0,30.0,229.683,27.112,27.12,27.122,27.124,27.125,27.127,27.129,27.131,27.132,27.133,40.0,40.0,40.0,356.416,5.182,16.42,297.86,510.0,337.317,98.802
2021-08-20 00:00:40,LINKUSDT.BNC,27.099,27.095,27.094,27.088,27.086,27.085,27.083,27.082,27.08,27.079,3.698,50.411,106.877,34.683,17.321,41.899,1.385,259.36,105.235,57.557,27.103,27.107,27.114,27.116,27.122,27.123,27.124,27.125,27.126,27.127,40.0,13.787,120.0,130.0,24.0,50.0,176.416,5.182,74.56,16.42
2021-08-20 00:00:41,LINKUSDT.BNC,27.101,27.1,27.099,27.098,27.094,27.093,27.089,27.088,27.086,27.085,12.925,404.384,51.722,106.877,34.118,250.0,20.0,74.683,17.321,36.899,27.112,27.114,27.115,27.116,27.122,27.124,27.125,27.126,27.127,27.128,20.0,37.352,24.627,36.908,24.0,176.416,235.182,33.59,132.253,80.0
2021-08-20 00:00:42,LINKUSDT.BNC,27.106,27.105,27.103,27.101,27.099,27.096,27.094,27.093,27.092,27.089,67.83,14.803,106.877,27.71,180.0,195.0,214.118,55.0,36.893,94.397,27.116,27.12,27.125,27.126,27.127,27.128,27.129,27.13,27.131,27.132,12.244,34.234,55.182,33.59,189.543,260.0,117.86,580.0,190.924,380.486
2021-08-20 00:00:43,LINKUSDT.BNC,27.096,27.095,27.094,27.093,27.089,27.088,27.087,27.086,27.085,27.083,215.686,149.495,61.7,392.992,180.0,37.649,500.0,22.321,231.899,80.285,27.103,27.109,27.11,27.113,27.114,27.116,27.118,27.119,27.12,27.121,20.0,44.0,38.758,1.079,34.147,12.244,25.987,40.0,34.234,240.0
2021-08-20 00:00:44,LINKUSDT.BNC,27.093,27.09,27.089,27.088,27.086,27.085,27.083,27.082,27.081,27.08,31.367,1.688,180.0,48.838,124.198,36.899,80.285,34.36,195.0,105.235,27.097,27.101,27.105,27.106,27.107,27.109,27.11,27.112,27.114,27.115,20.0,21.079,20.646,12.766,24.0,1.945,158.758,120.0,34.147,434.506
2021-08-20 00:00:45,LINKUSDT.BNC,27.083,27.081,27.08,27.079,27.078,27.077,27.076,27.075,27.074,27.073,1.385,41.321,105.235,357.063,109.08,168.588,43.842,215.0,0.997,12.054,27.093,27.094,27.095,27.096,27.1,27.101,27.104,27.105,27.109,27.11,20.646,44.236,24.0,161.265,190.0,62.313,56.916,205.0,180.0,149.606
2021-08-20 00:00:46,LINKUSDT.BNC,27.08,27.079,27.078,27.077,27.076,27.074,27.073,27.072,27.071,27.07,142.748,237.557,109.08,55.345,43.842,0.997,512.054,159.516,395.516,240.746,27.091,27.093,27.094,27.095,27.096,27.097,27.1,27.101,27.104,27.105,1.079,44.0,190.0,1.47,161.265,0.74,190.0,62.313,56.916,205.0
2021-08-20 00:00:47,LINKUSDT.BNC,27.096,27.092,27.087,27.085,27.082,27.081,27.08,27.079,27.078,27.077,23.579,0.373,14.35,180.0,180.0,1.079,63.579,237.557,66.401,55.345,27.097,27.1,27.101,27.104,27.11,27.111,27.112,27.114,27.115,27.116,0.74,190.0,2.313,49.371,75.666,105.006,180.0,34.147,46.727,81.228
2021-08-20 00:00:48,LINKUSDT.BNC,27.086,27.081,27.08,27.079,27.078,27.077,27.076,27.074,27.073,27.072,83.159,26.614,121.317,250.886,106.877,55.345,34.475,207.224,512.054,160.516,27.091,27.093,27.094,27.095,27.096,27.097,27.099,27.1,27.101,27.103,0.301,12.242,163.441,24.0,190.0,0.335,20.0,190.0,2.313,25.0
2021-08-20 00:00:49,LINKUSDT.BNC,27.087,27.083,27.082,27.081,27.08,27.079,27.077,27.076,27.074,27.073,1.079,2.47,1.689,26.614,121.104,250.886,55.345,34.475,207.224,512.054,27.09,27.092,27.093,27.094,27.095,27.097,27.101,27.104,27.105,27.106,40.0,189.627,12.242,2407.11,24.0,0.335,2.313,217.916,109.296,674.154
2021-08-20 00:00:50,LINKUSDT.BNC,27.082,27.081,27.08,27.079,27.078,27.077,27.076,27.074,27.073,27.072,76.632,27.997,63.579,13.329,27.095,116.728,214.475,207.224,512.054,339.516,27.092,27.094,27.096,27.097,27.1,27.101,27.102,27.104,27.105,27.106,213.627,2407.11,1.0,40.335,50.0,212.313,71.301,36.916,29.296,674.154
2021-08-20 00:00:51,LINKUSDT.BNC,27.083,27.081,27.08,27.079,27.077,27.076,27.074,27.073,27.072,27.071,94.665,223.486,60.092,13.329,366.206,46.462,207.224,500.0,339.516,180.516,27.09,27.091,27.092,27.094,27.096,27.097,27.099,27.1,27.101,27.102,1.079,21.428,189.627,2407.11,1.0,77.261,120.0,50.0,32.313,71.301
2021-08-20 00:00:52,LINKUSDT.BNC,27.084,27.081,27.08,27.079,27.078,27.077,27.076,27.075,27.074,27.073,10.0,26.684,60.092,13.329,124.467,259.329,34.475,106.877,207.224,500.0,27.085,27.086,27.092,27.094,27.095,27.096,27.097,27.099,27.1,27.101,20.0,20.0,13.066,2250.513,39.968,33.918,77.261,120.0,50.0,212.313
2021-08-20 00:00:53,LINKUSDT.BNC,27.074,27.072,27.071,27.07,27.069,27.068,27.067,27.066,27.065,27.064,0.997,171.285,180.516,307.147,295.37,1.0,20.0,226.437,257.044,317.021,27.08,27.082,27.088,27.089,27.09,27.091,27.092,27.093,27.094,27.095,20.0,190.0,52.878,3.146,46.217,176.786,24.0,2.966,2324.739,39.968
2021-08-20 00:00:54,LINKUSDT.BNC,27.05,27.048,27.047,27.046,27.045,27.044,27.041,27.04,27.039,27.038,166.136,27.185,117.505,80.0,30.0,20.106,13.114,60.422,20.0,209.324,27.054,27.057,27.058,27.061,27.063,27.065,27.069,27.071,27.072,27.073,20.0,20.0,1.57,190.0,153.208,336.871,34.013,180.78,100.0,60.0
2021-08-20 00:00:55,LINKUSDT.BNC,27.044,27.042,27.041,27.04,27.038,27.037,27.034,27.032,27.029,27.028,6.699,21.162,13.114,35.422,26.062,7.108,207.185,229.273,40.0,287.372,27.045,27.05,27.054,27.056,27.06,27.062,27.063,27.065,27.069,27.07,329.247,48.484,244.433,337.961,100.0,254.26,153.208,218.391,34.013,158.544
2021-08-20 00:00:56,LINKUSDT.BNC,27.03,27.027,27.026,27.024,27.023,27.022,27.02,27.019,27.018,27.016,0.005,22.492,185.855,43.534,12.658,40.0,253.649,220.0,287.399,402.309,27.035,27.05,27.054,27.057,27.058,27.06,27.061,27.062,27.063,27.065,8.095,180.484,180.0,11.83,200.0,100.0,30.0,74.26,153.208,38.391
2021-08-20 00:00:57,LINKUSDT.BNC,27.009,27.006,27.002,27.0,26.999,26.997,26.996,26.995,26.994,26.992,187.108,51.682,349.862,285.452,160.0,33.348,92.189,118.98,303.682,493.924,27.023,27.03,27.031,27.037,27.041,27.042,27.043,27.044,27.045,27.046,20.0,168.0,312.191,180.0,190.0,67.245,371.079,50.0,1.0,84.033
2021-08-20 00:00:58,LINKUSDT.BNC,27.009,27.006,27.003,27.001,27.0,26.999,26.997,26.996,26.995,26.994,204.463,4.143,40.0,120.73,222.45,122.492,533.348,92.189,7.848,303.682,27.024,27.025,27.03,27.036,27.037,27.038,27.04,27.041,27.042,27.043,407.604,1.496,156.42,31.83,180.0,10.0,71.509,190.0,117.245,370.0
2021-08-20 00:00:59,LINKUSDT.BNC,27.009,27.006,27.001,27.0,26.999,26.998,26.997,26.996,26.995,26.992,163.914,4.143,120.73,242.45,122.492,218.942,533.348,92.189,7.848,232.048,27.023,27.024,27.028,27.03,27.031,27.034,27.035,27.036,27.037,27.038,356.324,389.501,94.313,140.0,73.05,50.0,174.143,31.83,185.0,10.0
2021-08-20 00:01:00,LINKUSDT.BNC,27.001,27.0,26.999,26.998,26.997,26.996,26.995,26.993,26.992,26.991,89.903,240.0,23.492,218.942,500.0,42.189,7.848,82.319,241.415,214.415,27.018,27.019,27.021,27.023,27.03,27.031,27.032,27.033,27.034,27.037,271.788,1.295,1.47,193.41,140.0,40.0,100.0,81.83,5.0,180.0
2021-08-20 00:01:01,LINKUSDT.BNC,27.014,27.011,27.009,27.008,27.006,27.002,27.001,26.999,26.998,26.997,7.4,180.517,344.881,473.922,40.333,353.467,269.903,23.492,218.942,554.28,27.022,27.023,27.03,27.033,27.034,27.036,27.037,27.038,27.039,27.04,312.199,38.906,140.0,11.83,5.0,193.873,220.0,333.923,195.527,139.323
2021-08-20 00:01:02,LINKUSDT.BNC,27.041,27.04,27.037,27.036,27.033,27.031,27.029,27.024,27.023,27.022,344.34,470.454,180.0,120.0,100.0,40.0,233.922,136.507,195.0,195.0,27.051,27.06,27.063,27.065,27.068,27.069,27.07,27.071,27.074,27.075,6.434,229.054,333.208,7.108,77.813,44.013,37.043,25.78,78.791,190.0
2021-08-20 00:01:03,LINKUSDT.BNC,27.048,27.047,27.046,27.043,27.042,27.041,27.04,27.033,27.032,27.029,378.144,1.884,180.0,630.0,106.877,50.0,370.454,54.217,269.34,238.922,27.058,27.059,27.06,27.062,27.063,27.065,27.068,27.069,27.07,27.071,101.71,1.496,46.401,14.594,153.208,7.108,180.0,34.013,37.043,0.78
2021-08-20 00:01:04,LINKUSDT.BNC,27.034,27.03,27.029,27.026,27.024,27.023,27.022,27.021,27.02,27.016,9.367,180.0,233.922,5.0,76.972,40.0,295.0,50.0,212.818,635.238,27.044,27.046,27.048,27.051,27.057,27.058,27.059,27.06,27.061,27.062,14.672,195.0,180.0,180.0,414.485,67.242,98.077,46.401,54.292,25.0
2021-08-20 00:01:05,LINKUSDT.BNC,27.037,27.035,27.034,27.03,27.029,27.028,27.027,27.026,27.024,27.023,1.473,66.279,296.244,220.0,333.922,83.749,208.114,120.0,36.972,24.894,27.046,27.056,27.057,27.058,27.06,27.061,27.062,27.063,27.064,27.065,61.0,257.203,180.562,17.242,46.401,34.292,233.923,153.208,35.0,11.83
2021-08-20 00:01:06,LINKUSDT.BNC,27.038,27.037,27.035,27.034,27.028,27.027,27.026,27.025,27.024,27.023,194.001,40.0,100.0,185.62,214.822,217.492,150.0,195.0,36.972,184.894,27.056,27.057,27.058,27.06,27.061,27.063,27.066,27.069,27.071,27.072,73.92,180.0,17.242,226.401,34.292,153.208,23.021,34.013,100.78,85.752
2021-08-20 00:01:07,LINKUSDT.BNC,27.04,27.034,27.032,27.03,27.029,27.028,27.027,27.026,27.024,27.023,61.0,5.62,20.0,234.632,303.064,364.822,22.492,20.0,36.972,276.129,27.046,27.051,27.052,27.054,27.057,27.058,27.06,27.061,27.063,27.065,0.562,14.632,2.969,180.0,180.0,17.242,46.401,34.292,193.208,110.0
2021-08-20 00:01:08,LINKUSDT.BNC,27.036,27.035,27.034,27.032,27.031,27.03,27.029,27.028,27.027,27.026,161.5,14.632,5.62,20.0,77.009,220.0,83.064,364.822,22.492,20.0,27.049,27.05,27.053,27.054,27.057,27.058,27.06,27.061,27.062,27.063,0.517,14.632,243.354,180.0,180.0,17.242,46.401,34.292,95.889,193.208
2021-08-20 00:01:09,LINKUSDT.BNC,27.027,27.025,27.024,27.023,27.021,27.02,27.018,27.017,27.016,27.013,19.115,163.731,111.971,351.235,733.922,51.507,387.239,30.0,687.9,172.492,27.046,27.047,27.051,27.052,27.053,27.054,27.056,27.057,27.058,27.06,164.293,13.388,24.0,103.619,100.0,180.0,111.301,240.37,77.612,133.061
2021-08-20 00:01:10,LINKUSDT.BNC,27.026,27.021,27.02,27.019,27.018,27.016,27.014,27.013,27.012,27.011,20.0,58.156,45.367,40.0,387.239,237.9,233.922,63.797,33.365,65.469,27.042,27.043,27.045,27.048,27.051,27.052,27.053,27.054,27.056,27.057,163.731,11.55,0.517,233.923,192.451,113.976,100.0,180.0,111.301,277.363
2021-08-20 00:01:11,LINKUSDT.BNC,27.029,27.027,27.026,27.024,27.023,27.022,27.021,27.02,27.019,27.017,39.303,100.0,180.0,20.0,100.0,36.983,82.028,204.367,30.0,114.313,27.047,27.048,27.049,27.05,27.051,27.052,27.054,27.055,27.056,27.057,218.424,180.517,33.614,60.844,180.0,100.0,180.0,50.0,146.314,233.923
2021-08-20 00:01:12,LINKUSDT.BNC,27.031,27.03,27.029,27.028,27.027,27.026,27.023,27.022,27.02,27.017,73.989,131.255,254.674,195.0,22.492,180.0,280.0,36.983,9.367,248.235,27.044,27.047,27.048,27.049,27.05,27.051,27.057,27.058,27.059,27.06,63.969,14.269,180.0,33.614,60.844,180.0,120.74,17.242,100.0,46.401
2021-08-20 00:01:13,LINKUSDT.BNC,27.027,27.024,27.023,27.022,27.02,27.017,27.016,27.015,27.013,27.012,202.492,110.951,180.0,36.983,9.367,233.922,256.84,304.58,63.797,47.681,27.036,27.04,27.042,27.044,27.048,27.049,27.05,27.052,27.057,27.058,1.079,15.792,67.251,180.0,180.0,33.614,294.767,100.0,91.991,17.242
2021-08-20 00:01:14,LINKUSDT.BNC,27.028,27.027,27.024,27.023,27.02,27.019,27.018,27.017,27.016,27.015,12.885,22.492,110.951,180.0,9.367,256.876,671.766,233.922,256.84,329.463,27.035,27.041,27.042,27.044,27.048,27.049,27.05,27.052,27.057,27.058,61.0,14.319,244.85,180.0,180.0,33.614,374.767,190.0,91.991,22.242
2021-08-20 00:01:15,LINKUSDT.BNC,27.02,27.018,27.017,27.016,27.015,27.013,27.012,27.011,27.01,27.009,9.367,9.368,12.551,2.217,24.883,202.492,267.287,69.576,218.588,14.317,27.022,27.023,27.027,27.028,27.029,27.03,27.034,27.035,27.036,27.037,67.251,61.0,14.107,2.225,438.354,180.0,180.0,120.0,100.0,120.0
2021-08-20 00:01:16,LINKUSDT.BNC,27.017,27.015,27.013,27.009,27.007,27.006,27.004,27.003,27.002,27.0,12.551,24.883,22.492,194.317,86.623,207.185,104.031,108.899,531.156,380.185,27.018,27.021,27.022,27.025,27.027,27.028,27.029,27.03,27.032,27.033,61.0,13.959,67.251,257.203,180.0,80.304,195.0,180.0,119.694,338.932
2021-08-20 00:01:17,LINKUSDT.BNC,27.009,27.006,27.002,27.001,27.0,26.999,26.996,26.995,26.994,26.992,13.192,9.367,12.234,154.539,365.185,22.492,359.927,0.74,120.0,259.233,27.015,27.017,27.021,27.022,27.024,27.025,27.026,27.027,27.028,27.029,37.079,13.959,180.0,67.251,131.324,80.0,218.511,200.0,280.304,255.37
2021-08-20 00:01:18,LINKUSDT.BNC,27.01,27.006,27.005,27.004,27.003,27.002,27.0,26.999,26.997,26.996,61.0,189.367,1.0,72.133,193.847,12.234,365.185,522.492,126.235,359.927,27.014,27.02,27.021,27.023,27.024,27.027,27.028,27.029,27.03,27.031,1.079,37.847,482.391,2.969,278.007,200.0,120.304,195.0,150.0,97.2
2021-08-20 00:01:19,LINKUSDT.BNC,27.01,27.008,27.007,27.006,27.005,27.003,27.002,27.001,27.0,26.999,1.079,195.0,208.664,189.367,1.0,180.0,12.234,324.693,405.185,522.492,27.019,27.02,27.021,27.022,27.024,27.026,27.027,27.028,27.029,27.03,13.795,1.496,181.473,24.0,180.0,51.983,217.026,80.304,213.508,100.0
2021-08-20 00:01:20,LINKUSDT.BNC,27.033,27.032,27.028,27.027,27.026,27.025,27.023,27.021,27.019,27.015,95.209,640.489,221.079,13.653,195.0,220.0,220.0,24.0,180.0,34.918,27.048,27.049,27.051,27.052,27.053,27.054,27.057,27.058,27.06,27.061,225.188,33.614,90.0,34.144,100.0,51.83,176.043,17.242,46.401,34.292
2021-08-20 00:01:21,LINKUSDT.BNC,27.045,27.044,27.042,27.041,27.035,27.033,27.032,27.03,27.028,27.027,24.0,392.536,13.621,40.582,260.0,568.258,505.0,310.0,428.922,9.378,27.049,27.058,27.059,27.06,27.061,27.062,27.063,27.066,27.068,27.069,6.345,17.242,46.506,80.015,67.102,233.923,153.208,11.191,11.83,34.013
2021-08-20 00:01:22,LINKUSDT.BNC,27.044,27.041,27.037,27.036,27.035,27.034,27.033,27.032,27.03,27.028,152.764,40.582,13.621,154.002,260.0,414.754,680.0,505.0,310.0,428.922,27.045,27.049,27.055,27.056,27.057,27.058,27.059,27.06,27.061,27.062,59.263,186.345,193.671,31.374,263.6,306.991,28.012,80.015,67.102,233.923
2021-08-20 00:01:23,LINKUSDT.BNC,27.038,27.03,27.029,27.027,27.023,27.022,27.021,27.02,27.018,27.017,1.079,144.881,247.394,59.471,195.0,245.0,70.0,46.357,30.0,195.0,27.04,27.041,27.044,27.045,27.046,27.047,27.049,27.052,27.055,27.056,25.0,73.961,291.246,30.914,180.0,257.203,186.345,18.493,180.0,265.297
2021-08-20 00:01:24,LINKUSDT.BNC,27.023,27.012,27.011,27.008,27.006,27.005,27.004,27.002,27.001,27.0,25.0,375.0,250.486,375.0,27.185,50.0,20.0,424.709,120.0,185.185,27.025,27.026,27.03,27.032,27.033,27.038,27.04,27.042,27.043,27.045,2.355,339.099,10.455,1.473,608.923,18.505,191.83,1.079,180.0,6.914
2021-08-20 00:01:25,LINKUSDT.BNC,27.013,27.007,27.006,27.003,27.002,27.001,27.0,26.999,26.997,26.996,9.378,80.095,189.367,190.656,152.234,180.0,185.185,242.492,220.0,33.513,27.02,27.026,27.027,27.028,27.029,27.033,27.034,27.039,27.042,27.045,25.0,2.552,61.009,592.127,198.51,608.923,37.015,332.977,37.004,6.914
2021-08-20 00:01:26,LINKUSDT.BNC,27.015,27.014,27.013,27.01,27.007,27.006,27.003,27.002,27.001,27.0,0.374,6.75,21.568,193.76,180.0,9.367,190.656,12.234,180.0,225.185,27.019,27.023,27.024,27.025,27.029,27.031,27.032,27.033,27.034,27.035,22.492,13.76,52.0,239.281,180.0,213.13,180.0,428.923,37.015,60.0
2021-08-20 00:01:27,LINKUSDT.BNC,27.023,27.022,27.018,27.017,27.016,27.015,27.014,27.013,27.012,27.011,2.217,0.374,4.078,13.76,180.0,54.771,86.681,142.73,101.502,40.0,27.031,27.034,27.037,27.038,27.039,27.043,27.045,27.046,27.047,27.05,3.165,103.594,239.281,233.923,180.0,84.67,186.914,92.553,111.83,10.0
2021-08-20 00:01:28,LINKUSDT.BNC,27.024,27.023,27.022,27.018,27.017,27.015,27.014,27.013,27.011,27.01,0.822,1.827,0.374,4.078,13.76,80.78,121.615,155.844,155.756,445.0,27.028,27.032,27.033,27.034,27.038,27.039,27.044,27.045,27.046,27.047,25.0,52.0,1.473,283.594,233.923,180.0,97.818,180.0,92.553,116.83
2021-08-20 00:01:29,LINKUSDT.BNC,27.019,27.013,27.011,27.01,27.009,27.008,27.007,27.006,27.005,27.004,40.0,202.492,52.504,150.0,372.766,266.84,50.0,9.367,100.634,131.499,27.026,27.031,27.033,27.034,27.037,27.038,27.039,27.04,27.043,27.044,1.394,13.152,97.787,283.594,221.878,453.923,180.0,120.0,80.0,97.818
2021-08-20 00:01:30,LINKUSDT.BNC,27.023,27.016,27.015,27.014,27.013,27.011,27.01,27.009,27.008,27.007,40.0,213.324,95.209,104.285,202.492,52.504,756.877,606.688,266.84,245.0,27.033,27.034,27.036,27.037,27.038,27.039,27.042,27.044,27.045,27.046,386.503,103.594,180.0,82.618,233.923,180.0,35.734,67.4,100.0,137.553
2021-08-20 00:01:31,LINKUSDT.BNC,27.017,27.016,27.014,27.013,27.011,27.01,27.009,27.008,27.007,27.006,40.0,39.814,13.143,22.492,372.377,650.0,413.922,266.84,156.877,9.367,27.028,27.029,27.03,27.031,27.033,27.034,27.036,27.037,27.038,27.042,11.734,14.421,181.079,24.0,586.965,103.594,180.0,157.829,270.932,35.734
2021-08-20 00:01:32,LINKUSDT.BNC,27.026,27.019,27.017,27.016,27.014,27.013,27.011,27.01,27.009,27.008,60.0,13.065,260.0,139.814,230.0,22.492,372.377,570.0,413.922,10.0,27.028,27.029,27.034,27.038,27.039,27.042,27.045,27.046,27.047,27.048,0.044,1.278,140.659,413.923,235.0,35.734,100.0,92.553,16.83,20.0
2021-08-20 00:01:33,LINKUSDT.BNC,27.012,27.006,27.005,27.004,27.002,27.001,27.0,26.999,26.997,26.996,1.0,9.367,100.634,55.5,12.234,96.697,365.185,22.492,14.324,33.513,27.013,27.014,27.015,27.02,27.021,27.023,27.024,27.028,27.029,27.031,20.0,94.035,12.853,12.914,423.358,233.923,191.734,1.473,181.278,80.0
2021-08-20 00:01:34,LINKUSDT.BNC,27.012,27.006,27.005,27.002,27.001,27.0,26.999,26.997,26.996,26.995,1.0,9.367,34.894,12.234,96.697,365.185,22.492,0.933,33.513,133.237,27.013,27.015,27.018,27.021,27.022,27.023,27.024,27.028,27.029,27.03,40.0,12.853,12.914,423.358,143.11,233.923,191.734,100.0,181.278,37.018
2021-08-20 00:01:35,LINKUSDT.BNC,27.002,27.0,26.999,26.998,26.997,26.996,26.995,26.992,26.991,26.99,0.751,185.185,13.114,12.603,266.363,33.513,93.237,9.367,3.124,80.0,27.013,27.014,27.015,27.017,27.019,27.022,27.023,27.024,27.025,27.026,5.867,36.603,192.853,215.0,3.165,37.029,233.923,180.0,20.0,11.83
2021-08-20 00:01:36,LINKUSDT.BNC,27.008,27.002,27.0,26.999,26.997,26.996,26.995,26.992,26.991,26.99,0.303,12.234,185.185,25.568,86.363,33.513,273.237,9.367,3.124,80.0,27.009,27.013,27.014,27.015,27.016,27.017,27.021,27.022,27.023,27.024,50.0,29.765,24.0,12.853,75.256,215.0,274.841,37.029,233.923,260.0
2021-08-20 00:01:37,LINKUSDT.BNC,27.001,27.0,26.999,26.997,26.996,26.995,26.992,26.991,26.99,26.989,8.614,185.185,13.114,86.363,33.513,273.237,21.573,203.005,686.877,372.278,27.005,27.011,27.013,27.014,27.015,27.016,27.017,27.02,27.021,27.022,50.0,12.206,17.311,206.949,12.853,138.258,395.0,75.964,274.841,37.029
2021-08-20 00:01:38,LINKUSDT.BNC,26.992,26.991,26.99,26.989,26.988,26.987,26.986,26.985,26.984,26.983,2.785,3.124,12.843,257.278,155.79,93.235,339.537,145.503,0.5,541.182,27.003,27.005,27.007,27.008,27.01,27.013,27.014,27.015,27.016,27.017,12.206,24.0,17.117,195.0,180.795,103.532,282.949,12.853,178.258,226.83
2021-08-20 00:01:39,LINKUSDT.BNC,26.995,26.994,26.993,26.992,26.991,26.99,26.989,26.988,26.987,26.986,76.694,74.845,194.59,199.229,110.001,12.206,180.0,135.407,93.235,311.771,27.0,27.001,27.007,27.008,27.013,27.014,27.015,27.016,27.017,27.018,44.497,0.795,12.329,195.0,103.532,182.949,130.435,372.181,215.0,1.0
2021-08-20 00:01:40,LINKUSDT.BNC,26.986,26.985,26.984,26.983,26.98,26.979,26.978,26.976,26.973,26.972,47.141,13.114,0.5,1.182,92.555,142.049,74.2,217.891,40.0,287.587,26.996,27.001,27.002,27.005,27.007,27.011,27.014,27.015,27.016,27.017,32.829,24.0,195.0,180.0,1.473,11.83,182.949,130.435,309.179,16.42
2021-08-20 00:01:41,LINKUSDT.BNC,26.965,26.964,26.963,26.962,26.961,26.959,26.957,26.956,26.955,26.952,0.467,1.943,0.372,5.883,216.233,1.0,180.0,295.0,107.434,108.839,26.969,26.97,26.973,26.977,26.983,26.984,26.988,26.989,26.992,26.993,191.067,225.975,39.057,195.0,225.258,140.915,24.0,180.0,163.129,286.079
2021-08-20 00:01:42,LINKUSDT.BNC,26.955,26.953,26.952,26.95,26.945,26.943,26.942,26.941,26.939,26.938,0.557,12.224,47.004,169.237,180.6,89.378,70.283,175.741,195.0,237.971,26.961,26.963,26.965,26.967,26.97,26.976,26.977,26.978,26.983,26.988,64.642,190.05,195.0,217.173,180.0,131.255,375.0,11.83,225.258,24.0
2021-08-20 00:01:43,LINKUSDT.BNC,26.952,26.95,26.945,26.944,26.943,26.942,26.941,26.938,26.937,26.936,41.437,168.133,0.6,3.712,21.365,70.283,180.741,107.477,73.61,102.057,26.953,26.958,26.96,26.961,26.963,26.967,26.976,26.977,26.986,26.988,30.0,1.079,24.247,34.642,370.05,229.003,131.255,195.0,55.642,24.0
2021-08-20 00:01:44,LINKUSDT.BNC,26.947,26.945,26.942,26.941,26.938,26.936,26.934,26.933,26.932,26.931,12.565,0.009,35.819,180.741,12.317,189.367,0.569,3.849,78.537,195.0,26.952,26.955,26.957,26.959,26.96,26.961,26.966,26.967,26.975,26.976,27.254,11.717,16.918,83.613,75.124,214.642,80.159,229.003,37.105,131.255
2021-08-20 00:01:45,LINKUSDT.BNC,26.957,26.956,26.955,26.953,26.951,26.948,26.947,26.945,26.943,26.942,24.725,122.363,245.872,380.202,311.256,181.079,12.565,220.009,119.674,35.819,26.968,26.969,26.97,26.971,26.972,26.975,26.976,26.977,26.978,26.979,37.099,328.072,219.0,195.0,180.0,220.0,100.0,207.883,100.0,16.42
2021-08-20 00:01:46,LINKUSDT.BNC,26.942,26.941,26.938,26.936,26.934,26.933,26.932,26.931,26.925,26.923,30.685,0.741,0.6,9.367,129.245,110.726,221.407,218.531,0.892,195.0,26.948,26.95,26.952,26.953,26.954,26.956,26.959,26.96,26.961,26.963,712.9,40.0,20.0,280.0,24.0,180.0,180.0,65.0,195.0,0.407
2021-08-20 00:01:47,LINKUSDT.BNC,26.952,26.945,26.943,26.942,26.941,26.938,26.937,26.936,26.935,26.934,105.42,11.246,72.843,27.38,180.741,0.6,20.0,189.367,125.0,249.245,26.961,26.963,26.969,26.97,26.971,26.972,26.975,26.976,26.977,26.982,195.0,0.407,144.907,196.12,195.0,50.0,92.75,88.252,355.0,25.0
2021-08-20 00:01:48,LINKUSDT.BNC,26.957,26.954,26.949,26.947,26.946,26.943,26.942,26.941,26.939,26.938,3.708,56.0,3.708,349.375,9.555,161.532,247.38,180.741,175.0,0.6,26.967,26.969,26.97,26.972,26.975,26.976,26.983,26.984,26.985,26.986,24.0,112.887,121.12,37.115,242.75,88.252,346.464,130.543,44.998,55.642
2021-08-20 00:01:49,LINKUSDT.BNC,26.962,26.954,26.953,26.952,26.949,26.946,26.943,26.942,26.941,26.939,0.446,20.027,57.21,100.0,150.0,97.181,64.655,27.38,245.741,53.785,26.971,26.972,26.981,26.984,26.985,26.99,26.992,26.994,26.995,26.997,12.83,34.897,338.424,67.493,209.998,111.152,27.185,245.82,447.027,314.611
2021-08-20 00:01:50,LINKUSDT.BNC,26.977,26.969,26.968,26.967,26.966,26.965,26.964,26.962,26.96,26.954,287.568,80.0,100.0,1.944,168.657,195.0,195.0,200.446,267.167,211.317,26.991,26.992,26.995,26.997,26.999,27.0,27.001,27.002,27.003,27.005,27.16,27.185,17.603,241.401,44.998,200.0,335.196,50.0,81.465,80.0
2021-08-20 00:01:51,LINKUSDT.BNC,26.984,26.978,26.977,26.976,26.975,26.972,26.97,26.969,26.968,26.967,56.0,0.973,195.0,180.0,40.203,121.499,100.0,200.052,280.0,56.024,26.992,26.994,26.997,26.998,26.999,27.0,27.001,27.002,27.004,27.006,9.367,51.833,46.401,261.836,22.492,200.0,128.366,220.0,131.83,27.185
2021-08-20 00:01:52,LINKUSDT.BNC,26.975,26.974,26.973,26.968,26.967,26.966,26.965,26.964,26.963,26.962,40.0,56.613,49.807,286.877,56.024,159.255,405.973,195.0,322.059,390.446,26.987,26.988,26.989,26.992,26.993,26.994,26.998,26.999,27.0,27.001,222.136,180.0,264.216,49.367,86.386,246.801,81.836,47.492,200.0,128.366
2021-08-20 00:01:53,LINKUSDT.BNC,26.99,26.987,26.984,26.983,26.98,26.978,26.977,26.974,26.973,26.972,90.0,208.321,375.0,195.0,24.621,180.0,195.0,56.613,180.0,222.02,27.0,27.006,27.007,27.008,27.009,27.01,27.011,27.013,27.014,27.015,213.321,207.185,79.711,75.035,92.706,261.057,111.066,22.492,27.949,46.308
2021-08-20 00:01:54,LINKUSDT.BNC,26.982,26.976,26.975,26.974,26.971,26.97,26.969,26.968,26.967,26.966,50.0,328.823,41.099,47.383,106.877,112.009,220.0,100.0,556.024,40.0,26.99,26.991,26.993,26.994,26.996,26.997,27.0,27.001,27.002,27.003,12.966,180.0,24.0,180.0,29.736,180.0,5.0,120.0,100.0,120.0
2021-08-20 00:01:55,LINKUSDT.BNC,26.974,26.967,26.965,26.964,26.962,26.961,26.96,26.959,26.958,26.957,47.196,56.024,375.973,250.575,80.446,100.0,57.167,80.0,189.0,214.874,26.984,26.985,26.986,26.987,26.989,26.993,26.994,26.997,27.0,27.002,32.966,243.358,180.0,195.0,180.0,50.038,180.0,125.0,5.0,11.83
2021-08-20 00:01:56,LINKUSDT.BNC,26.968,26.967,26.965,26.964,26.962,26.961,26.96,26.959,26.958,26.957,229.994,56.024,192.557,251.575,80.446,206.877,57.167,80.0,689.0,176.198,26.982,26.984,26.985,26.986,26.987,26.989,26.992,26.993,26.994,26.995,23.711,257.203,1.477,36.796,1.0,280.0,100.0,50.038,180.0,20.0
2021-08-20 00:01:57,LINKUSDT.BNC,26.966,26.965,26.964,26.962,26.96,26.957,26.953,26.952,26.951,26.95,195.0,52.557,196.0,0.446,57.167,191.198,57.21,55.594,38.676,49.367,26.972,26.973,26.979,26.98,26.981,26.982,26.984,26.985,26.986,26.987,306.991,6.193,13.438,188.545,438.68,100.0,71.921,280.0,34.0,1.0
2021-08-20 00:01:58,LINKUSDT.BNC,26.966,26.965,26.964,26.962,26.961,26.96,26.958,26.957,26.955,26.954,24.0,12.557,1.0,0.446,3.712,57.167,62.028,180.0,79.525,100.0,26.978,26.981,26.984,26.985,26.987,26.988,26.989,26.99,26.993,27.0,464.313,180.0,71.921,180.0,1.0,133.009,100.0,161.83,20.0,5.0
2021-08-20 00:01:59,LINKUSDT.BNC,26.97,26.967,26.965,26.962,26.961,26.96,26.959,26.958,26.957,26.955,24.0,195.0,12.557,0.446,14.055,57.167,91.006,180.0,180.0,101.0,26.977,26.978,26.981,26.983,26.984,26.985,26.99,26.992,26.993,26.995,7.414,118.313,180.0,1.0,71.921,180.0,37.081,25.0,20.0,74.147
2021-08-20 00:02:00,LINKUSDT.BNC,26.965,26.962,26.961,26.96,26.958,26.957,26.955,26.953,26.952,26.951,10.561,0.446,1.696,57.167,0.975,193.884,1.0,57.21,55.594,38.676,26.967,26.97,26.971,26.973,26.975,26.976,26.977,26.978,26.979,26.981,40.0,225.258,13.884,40.0,60.0,750.963,7.414,118.313,94.617,284.568
2021-08-20 00:02:01,LINKUSDT.BNC,26.944,26.942,26.941,26.939,26.938,26.936,26.935,26.934,26.933,26.932,8.792,27.38,0.741,100.186,0.6,9.367,60.0,0.569,28.849,320.787,26.953,26.954,26.956,26.957,26.959,26.961,26.965,26.966,26.967,26.968,37.601,20.592,250.963,195.0,39.441,195.0,87.508,140.0,110.0,245.753
2021-08-20 00:02:02,LINKUSDT.BNC,26.934,26.933,26.932,26.929,26.928,26.925,26.923,26.922,26.92,26.919,0.569,3.849,53.747,32.279,92.212,0.892,304.489,27.185,180.945,235.0,26.94,26.942,26.944,26.945,26.946,26.948,26.951,26.952,26.954,26.956,20.78,250.963,180.0,233.923,140.0,40.0,50.0,65.0,20.592,4.568
2021-08-20 00:02:03,LINKUSDT.BNC,26.936,26.935,26.934,26.933,26.932,26.927,26.926,26.925,26.924,26.923,101.837,8.6,282.358,3.849,12.904,12.946,220.0,0.892,73.16,241.212,26.942,26.949,26.95,26.951,26.952,26.956,26.957,26.958,26.959,26.96,37.122,3.173,333.202,180.0,77.133,50.0,195.0,70.0,202.494,110.75
2021-08-20 00:02:04,LINKUSDT.BNC,26.936,26.935,26.934,26.933,26.931,26.93,26.929,26.927,26.926,26.925,137.73,299.299,94.192,3.849,12.946,105.539,181.698,1.478,220.0,58.106,26.946,26.947,26.949,26.951,26.952,26.954,26.955,26.956,26.957,26.958,24.0,12.188,123.032,180.0,40.0,109.786,733.923,50.0,195.0,70.0
2021-08-20 00:02:05,LINKUSDT.BNC,26.913,26.912,26.911,26.91,26.909,26.908,26.907,26.905,26.903,26.902,0.446,37.344,7.108,99.577,0.446,27.185,1.124,43.134,375.0,142.809,26.925,26.926,26.927,26.929,26.931,26.934,26.938,26.94,26.944,26.945,375.0,24.0,220.0,280.0,233.923,180.0,125.025,3.911,279.0,195.0
2021-08-20 00:02:06,LINKUSDT.BNC,26.919,26.918,26.913,26.912,26.911,26.91,26.909,26.908,26.907,26.905,62.087,0.795,180.446,37.347,59.964,279.577,0.446,17.818,181.124,43.134,26.929,26.931,26.932,26.934,26.935,26.936,26.94,26.941,26.943,26.944,14.2,233.923,40.0,180.0,150.0,11.83,125.235,11.204,165.906,279.0
2021-08-20 00:02:07,LINKUSDT.BNC,26.918,26.917,26.916,26.913,26.912,26.911,26.91,26.909,26.908,26.907,0.795,13.401,24.0,0.446,77.347,252.856,99.577,50.446,17.818,1.124,26.93,26.935,26.936,26.937,26.938,26.939,26.94,26.941,26.942,26.943,20.0,243.358,13.401,280.0,355.447,3.176,233.911,23.034,67.596,359.02
2021-08-20 00:02:08,LINKUSDT.BNC,26.924,26.92,26.918,26.916,26.913,26.912,26.911,26.91,26.909,26.908,40.0,195.0,180.795,37.264,180.446,113.584,247.856,279.577,70.446,17.818,26.938,26.939,26.94,26.941,26.943,26.945,26.946,26.95,26.952,26.954,190.602,80.0,25.565,73.034,179.02,295.0,16.42,55.726,73.96,55.72
2021-08-20 00:02:09,LINKUSDT.BNC,26.923,26.918,26.914,26.913,26.912,26.911,26.91,26.909,26.908,26.907,24.0,0.795,16.983,180.446,113.584,52.856,279.577,304.368,17.818,196.124,26.929,26.934,26.935,26.938,26.939,26.94,26.941,26.943,26.945,26.946,36.107,242.424,180.0,187.426,80.0,3.911,61.204,179.02,295.0,11.83
2021-08-20 00:02:10,LINKUSDT.BNC,26.918,26.915,26.914,26.913,26.912,26.911,26.91,26.909,26.908,26.907,0.795,17.377,59.726,14.5,3.3,24.949,99.577,0.446,197.818,1.124,26.927,26.928,26.932,26.933,26.934,26.935,26.937,26.938,26.94,26.941,24.0,100.0,180.0,237.099,11.83,40.0,200.0,7.426,3.911,50.0
2021-08-20 00:02:11,LINKUSDT.BNC,26.921,26.92,26.918,26.916,26.915,26.914,26.913,26.912,26.91,26.909,52.091,13.325,94.776,0.977,180.0,46.401,14.5,237.222,149.577,0.446,26.932,26.934,26.935,26.936,26.937,26.938,26.94,26.941,26.943,26.944,20.471,40.575,258.268,72.604,100.599,187.426,3.911,131.204,446.953,72.39
2021-08-20 00:02:12,LINKUSDT.BNC,26.926,26.924,26.923,26.918,26.914,26.913,26.912,26.91,26.909,26.908,24.0,67.618,13.175,218.058,46.401,565.446,48.3,99.577,234.368,71.595,26.935,26.936,26.937,26.938,26.94,26.941,26.942,26.943,26.945,26.948,51.157,74.106,348.021,187.426,220.479,103.191,438.368,13.114,485.0,233.923
2021-08-20 00:02:13,LINKUSDT.BNC,26.926,26.92,26.918,26.914,26.913,26.912,26.911,26.91,26.909,26.908,40.0,12.469,218.058,46.401,0.446,73.3,144.882,179.577,234.368,71.595,26.934,26.938,26.94,26.941,26.942,26.943,26.944,26.945,26.947,26.948,24.0,187.426,220.479,11.204,340.0,79.899,50.0,305.0,67.479,233.923
2021-08-20 00:02:14,LINKUSDT.BNC,26.926,26.92,26.919,26.918,26.917,26.914,26.913,26.912,26.911,26.91,80.0,16.187,76.324,218.058,54.727,146.401,0.446,73.3,182.015,179.577,26.935,26.936,26.937,26.94,26.941,26.942,26.943,26.945,26.947,26.948,24.0,74.106,12.469,220.479,103.229,340.0,79.899,305.0,67.479,233.923
2021-08-20 00:02:15,LINKUSDT.BNC,26.944,26.943,26.941,26.938,26.936,26.935,26.934,26.933,26.932,26.929,23.843,12.266,204.0,180.0,195.0,56.6,570.257,40.0,375.0,100.0,26.95,26.955,26.957,26.959,26.96,26.961,26.964,26.965,26.967,26.968,8.079,12.865,282.498,11.952,155.717,510.611,39.015,233.923,117.108,105.885
2021-08-20 00:02:16,LINKUSDT.BNC,26.941,26.937,26.936,26.935,26.933,26.932,26.929,26.927,26.926,26.925,24.0,11.952,195.0,236.6,92.77,375.0,100.0,117.003,57.334,65.0,26.95,26.951,26.954,26.955,26.956,26.957,26.959,26.96,26.961,26.962,60.948,105.811,180.0,12.865,91.266,419.998,96.924,155.717,295.0,34.119
2021-08-20 00:02:17,LINKUSDT.BNC,26.95,26.948,26.947,26.946,26.945,26.944,26.943,26.942,26.94,26.939,20.0,24.0,371.889,11.651,180.0,34.883,63.006,186.462,233.922,40.0,26.955,26.961,26.962,26.963,26.964,26.966,26.967,26.968,26.969,26.97,12.865,375.0,11.625,148.157,189.367,130.0,87.108,105.885,192.845,84.486
2021-08-20 00:02:18,LINKUSDT.BNC,26.944,26.94,26.939,26.936,26.935,26.932,26.931,26.93,26.929,26.927,20.0,11.644,404.128,195.0,56.6,315.0,25.0,100.0,37.111,140.0,26.955,26.957,26.958,26.959,26.96,26.961,26.963,26.964,26.965,26.966,24.0,11.625,48.144,12.395,80.0,207.862,148.157,189.367,233.923,61.83
2021-08-20 00:02:19,LINKUSDT.BNC,26.946,26.938,26.936,26.931,26.93,26.929,26.928,26.927,26.926,26.922,40.0,376.75,2.857,235.0,246.917,37.111,90.0,260.575,187.334,245.271,26.954,26.96,26.961,26.963,26.964,26.965,26.968,26.969,26.97,26.971,11.644,86.751,247.862,258.157,180.0,243.923,105.885,92.845,46.316,94.998
2021-08-20 00:02:20,LINKUSDT.BNC,26.954,26.949,26.948,26.942,26.941,26.94,26.939,26.938,26.936,26.935,0.375,24.0,180.0,144.879,180.0,121.948,40.0,308.409,236.372,50.0,26.958,26.961,26.969,26.97,26.971,26.974,26.975,26.976,26.977,26.978,20.0,32.862,13.159,78.755,224.998,233.923,225.358,17.39,42.5,281.562
2021-08-20 00:02:21,LINKUSDT.BNC,26.958,26.955,26.948,26.947,26.945,26.944,26.943,26.942,26.94,26.939,40.0,453.383,13.008,219.542,20.0,220.0,20.0,50.0,233.922,107.952,26.961,26.968,26.97,26.971,26.972,26.973,26.974,26.975,26.976,26.977,12.862,193.008,78.755,180.0,40.0,164.256,243.923,105.358,17.39,42.5
2021-08-20 00:02:22,LINKUSDT.BNC,26.962,26.958,26.955,26.953,26.952,26.951,26.95,26.949,26.946,26.945,40.0,3.707,193.056,195.0,180.0,403.899,54.093,39.578,195.0,98.009,26.974,26.975,26.976,26.977,26.978,26.979,26.982,26.983,26.985,26.987,459.181,192.539,5.56,42.5,26.239,35.073,7.198,22.593,56.828,127.512
2021-08-20 00:02:23,LINKUSDT.BNC,26.945,26.942,26.941,26.94,26.939,26.938,26.937,26.936,26.935,26.934,230.108,57.251,77.712,398.214,307.952,128.409,130.0,37.105,195.0,55.1,26.956,26.962,26.967,26.968,26.971,26.972,26.973,26.974,26.975,26.978,40.0,461.203,180.0,40.0,104.794,180.0,74.148,11.83,12.539,26.239
2021-08-20 00:02:24,LINKUSDT.BNC,26.957,26.956,26.955,26.953,26.95,26.949,26.948,26.945,26.942,26.941,13.153,180.0,24.0,180.0,151.915,150.0,284.04,599.0,57.251,70.0,26.972,26.976,26.977,26.978,26.979,26.981,26.982,26.983,26.984,26.985,26.401,179.917,257.203,206.239,35.073,5.559,7.198,22.593,940.0,22.492
2021-08-20 00:02:25,LINKUSDT.BNC,26.969,26.965,26.964,26.961,26.959,26.957,26.956,26.955,26.952,26.951,309.313,140.007,400.0,180.0,257.431,439.291,320.0,270.996,195.0,421.879,26.978,26.981,26.982,26.983,26.985,26.986,26.987,26.988,26.99,26.992,26.239,5.559,20.37,22.593,22.492,233.923,214.751,88.901,24.544,9.367
2021-08-20 00:02:26,LINKUSDT.BNC,26.977,26.975,26.974,26.973,26.972,26.971,26.968,26.966,26.965,26.964,4.0,259.044,180.0,480.273,323.0,100.0,473.922,0.725,140.007,40.0,26.985,26.988,26.99,26.991,26.992,26.994,26.995,26.996,26.997,26.998,13.114,88.901,67.041,16.863,9.367,34.629,69.337,290.197,120.0,96.318
2021-08-20 00:02:27,LINKUSDT.BNC,26.987,26.977,26.974,26.973,26.972,26.97,26.968,26.967,26.966,26.962,24.0,195.0,101.15,43.042,243.0,10.0,60.0,24.128,75.725,35.385,27.001,27.002,27.005,27.006,27.008,27.011,27.012,27.013,27.014,27.015,243.358,220.0,411.697,27.185,18.748,18.52,23.156,63.213,2.949,33.455
2021-08-20 00:02:28,LINKUSDT.BNC,26.995,26.993,26.988,26.987,26.985,26.983,26.979,26.977,26.973,26.967,1.89,160.339,3.704,20.0,35.0,195.0,24.0,216.04,43.042,122.194,27.001,27.013,27.014,27.015,27.016,27.017,27.019,27.02,27.021,27.022,21.772,63.213,2.949,33.455,31.026,97.054,245.753,27.185,100.0,94.36
2021-08-20 00:02:29,LINKUSDT.BNC,27.002,27.001,27.0,26.994,26.993,26.992,26.989,26.988,26.987,26.983,1.889,392.978,1.851,20.0,87.501,250.0,248.0,233.922,195.0,195.0,27.013,27.014,27.019,27.02,27.022,27.023,27.024,27.027,27.028,27.029,36.027,2.949,12.123,28.185,54.36,7.108,12.516,70.796,225.759,167.092
2021-08-20 00:02:30,LINKUSDT.BNC,27.0,26.997,26.996,26.993,26.988,26.987,26.984,26.983,26.98,26.979,1.851,21.75,14.012,87.501,233.922,390.0,68.255,195.0,599.16,1236.748,27.007,27.012,27.013,27.014,27.016,27.018,27.02,27.021,27.022,27.023,20.0,12.147,11.735,2.949,216.571,25.08,22.703,129.239,75.612,18.938
2021-08-20 00:02:31,LINKUSDT.BNC,27.004,27.003,27.001,27.0,26.997,26.996,26.993,26.992,26.991,26.99,234.58,38.75,572.601,1.851,181.0,195.0,140.005,464.948,213.573,163.454,27.014,27.019,27.021,27.022,27.024,27.026,27.027,27.028,27.029,27.03,2.949,12.735,29.239,35.612,192.516,34.769,48.29,49.947,34.964,190.543
2021-08-20 00:02:32,LINKUSDT.BNC,27.005,27.003,27.001,27.0,26.999,26.997,26.996,26.992,26.991,26.99,1.889,250.282,652.601,101.851,288.889,1.0,195.0,64.948,213.573,163.454,27.014,27.019,27.021,27.022,27.023,27.024,27.026,27.027,27.028,27.029,2.949,12.735,209.239,35.612,47.961,222.252,83.771,48.29,229.947,34.964
2021-08-20 00:02:33,LINKUSDT.BNC,27.015,27.014,27.013,27.011,27.01,27.008,27.007,27.006,27.005,27.004,29.775,235.845,341.676,3.505,192.19,80.0,280.0,360.799,63.358,1.0,27.02,27.021,27.023,27.024,27.027,27.028,27.031,27.032,27.034,27.036,0.6,29.239,12.464,12.516,10.378,49.947,29.736,180.0,304.943,53.846
2021-08-20 00:02:34,LINKUSDT.BNC,27.031,27.03,27.028,27.026,27.023,27.022,27.021,27.02,27.016,27.014,70.652,20.0,12.19,180.0,80.0,180.0,125.0,20.0,195.0,195.0,27.034,27.04,27.041,27.046,27.047,27.048,27.049,27.051,27.052,27.053,61.653,0.742,35.105,131.163,274.592,190.108,18.498,33.413,40.0,100.0
2021-08-20 00:02:35,LINKUSDT.BNC,27.024,27.023,27.022,27.021,27.019,27.017,27.016,27.014,27.013,27.009,67.4,12.571,180.0,80.0,386.423,106.877,375.0,202.02,231.988,195.0,27.034,27.04,27.041,27.043,27.044,27.046,27.047,27.048,27.051,27.052,61.653,180.742,9.378,18.942,180.0,141.163,274.592,10.108,33.413,90.0
2021-08-20 00:02:36,LINKUSDT.BNC,27.031,27.029,27.028,27.025,27.023,27.022,27.021,27.019,27.018,27.016,12.571,181.679,519.074,180.0,242.405,225.0,467.57,256.423,195.0,195.0,27.04,27.045,27.047,27.048,27.051,27.054,27.055,27.056,27.057,27.058,20.742,24.0,220.669,0.741,33.413,11.83,9.378,121.052,245.188,100.662
2021-08-20 00:02:37,LINKUSDT.BNC,27.024,27.023,27.022,27.02,27.019,27.016,27.014,27.013,27.007,27.005,26.972,80.0,225.0,50.0,543.3,387.485,195.0,231.988,70.532,40.582,27.036,27.037,27.038,27.039,27.04,27.044,27.045,27.046,27.047,27.048,44.155,12.329,24.0,180.0,0.742,38.145,180.0,80.994,40.669,190.741
2021-08-20 00:02:38,LINKUSDT.BNC,27.009,27.008,27.007,27.004,27.003,27.002,27.001,27.0,26.999,26.998,382.195,275.14,70.532,176.877,151.505,195.0,255.488,1.851,341.735,54.813,27.024,27.025,27.027,27.028,27.029,27.033,27.035,27.036,27.037,27.038,24.0,0.48,12.057,225.258,29.736,10.0,20.0,280.0,30.0,11.743
2021-08-20 00:02:39,LINKUSDT.BNC,27.029,27.027,27.026,27.025,27.024,27.023,27.021,27.02,27.017,27.014,24.0,11.882,40.0,103.254,100.0,195.0,40.0,807.227,50.0,195.0,27.041,27.042,27.045,27.046,27.047,27.048,27.051,27.053,27.055,27.056,35.882,225.258,66.644,40.0,40.669,90.741,93.413,11.83,137.282,121.052
2021-08-20 00:02:40,LINKUSDT.BNC,27.027,27.025,27.022,27.017,27.015,27.014,27.013,27.012,27.008,27.007,11.882,35.0,99.756,284.447,195.0,305.0,10.0,75.0,24.128,70.532,27.034,27.039,27.04,27.043,27.047,27.048,27.051,27.053,27.054,27.055,40.0,24.0,11.633,29.736,40.669,0.741,73.413,69.564,118.289,109.378
2021-08-20 00:02:41,LINKUSDT.BNC,27.027,27.026,27.024,27.023,27.022,27.019,27.017,27.015,27.014,27.013,24.0,57.083,67.075,11.633,180.0,106.877,357.57,195.0,110.0,26.854,27.034,27.036,27.042,27.043,27.044,27.046,27.047,27.048,27.051,27.052,20.0,48.728,11.633,194.482,29.736,229.494,40.669,100.741,73.413,50.0
2021-08-20 00:02:42,LINKUSDT.BNC,27.024,27.022,27.021,27.02,27.019,27.018,27.017,27.015,27.014,27.013,180.0,37.459,195.14,179.727,510.0,3.504,187.4,24.0,195.0,196.854,27.042,27.044,27.045,27.047,27.048,27.049,27.051,27.055,27.056,27.057,139.659,180.0,103.333,220.669,0.741,36.997,33.413,9.378,50.0,40.0
2021-08-20 00:02:43,LINKUSDT.BNC,27.051,27.05,27.048,27.047,27.045,27.042,27.04,27.039,27.036,27.032,27.923,163.871,180.0,442.619,180.0,277.57,130.0,137.57,195.0,5.892,27.068,27.069,27.071,27.073,27.074,27.075,27.076,27.077,27.078,27.079,163.871,96.422,1.165,87.508,60.0,190.0,356.333,190.0,112.328,7.108
2021-08-20 00:02:44,LINKUSDT.BNC,27.05,27.049,27.046,27.045,27.044,27.04,27.038,27.037,27.034,27.032,11.241,195.0,1.513,180.0,195.0,230.0,100.0,502.877,57.001,280.892,27.06,27.061,27.063,27.066,27.067,27.069,27.071,27.074,27.075,27.076,15.87,526.947,180.0,262.019,64.0,116.422,1.165,160.662,282.452,62.286
2021-08-20 00:02:45,LINKUSDT.BNC,27.044,27.039,27.038,27.036,27.034,27.033,27.032,27.031,27.03,27.029,28.0,195.674,106.877,180.0,24.968,160.0,5.892,80.0,179.281,20.0,27.06,27.063,27.066,27.067,27.068,27.069,27.071,27.072,27.073,27.074,180.0,180.0,82.019,24.0,80.0,96.422,1.165,1055.108,385.9,120.662
2021-08-20 00:02:46,LINKUSDT.BNC,27.032,27.03,27.026,27.025,27.023,27.022,27.021,27.02,27.019,27.017,5.892,29.281,19.754,56.423,90.077,37.459,219.894,116.893,20.0,106.877,27.038,27.042,27.043,27.044,27.047,27.051,27.053,27.054,27.056,27.058,20.0,276.694,347.731,39.746,30.595,3.702,80.847,180.0,130.0,195.0
2021-08-20 00:02:47,LINKUSDT.BNC,27.036,27.034,27.032,27.031,27.03,27.026,27.025,27.024,27.023,27.022,27.703,16.841,5.892,22.039,29.281,19.754,56.423,24.575,50.0,117.883,27.041,27.046,27.049,27.05,27.051,27.053,27.055,27.057,27.058,27.062,28.0,183.784,109.736,30.0,348.494,0.847,130.0,60.0,195.0,24.0
2021-08-20 00:02:48,LINKUSDT.BNC,27.037,27.036,27.035,27.034,27.032,27.031,27.03,27.029,27.028,27.027,44.032,86.552,24.0,16.841,17.969,22.039,29.281,40.0,40.0,137.57,27.05,27.053,27.058,27.06,27.061,27.062,27.067,27.068,27.069,27.071,218.459,0.847,325.0,34.278,988.406,124.0,80.0,35.347,96.422,1.165
2021-08-20 00:02:49,LINKUSDT.BNC,27.032,27.031,27.03,27.026,27.025,27.024,27.023,27.022,27.021,27.02,5.892,22.039,29.281,39.335,56.423,24.575,50.0,117.883,116.216,154.463,27.034,27.039,27.041,27.044,27.045,27.046,27.047,27.051,27.053,27.057,48.0,218.459,34.981,136.508,195.0,195.0,100.0,110.0,0.847,113.752
2021-08-20 00:02:50,LINKUSDT.BNC,27.039,27.038,27.037,27.036,27.035,27.033,27.031,27.03,27.026,27.025,10.832,247.223,195.0,195.0,137.57,50.0,22.039,29.281,28.354,251.423,27.058,27.059,27.064,27.065,27.067,27.068,27.069,27.07,27.071,27.074,248.494,36.983,218.802,224.271,100.0,115.347,1010.898,275.085,1.165,120.662
2021-08-20 00:02:51,LINKUSDT.BNC,27.042,27.041,27.04,27.039,27.038,27.036,27.033,27.032,27.031,27.03,24.0,38.622,10.541,202.102,0.971,253.974,180.0,82.656,206.877,29.281,27.049,27.055,27.056,27.057,27.058,27.059,27.065,27.068,27.069,27.07,0.031,0.751,24.0,36.976,180.0,36.983,55.474,235.347,22.492,60.0
2021-08-20 00:02:52,LINKUSDT.BNC,27.043,27.042,27.041,27.039,27.036,27.035,27.032,27.031,27.03,27.028,24.0,39.279,10.541,22.102,180.0,24.565,82.656,100.0,139.281,137.57,27.054,27.055,27.059,27.061,27.062,27.064,27.065,27.067,27.068,27.069,10.234,180.0,216.983,100.0,60.0,82.419,235.474,90.245,135.347,22.492
2021-08-20 00:02:53,LINKUSDT.BNC,27.04,27.039,27.035,27.034,27.033,27.031,27.029,27.026,27.025,27.024,38.919,22.102,204.565,251.344,29.278,266.443,125.0,65.331,56.423,5.0,27.055,27.056,27.057,27.059,27.06,27.062,27.064,27.065,27.066,27.069,24.0,358.745,38.919,216.983,10.0,180.0,25.0,55.474,100.0,22.492
2021-08-20 00:02:54,LINKUSDT.BNC,27.045,27.044,27.04,27.039,27.038,27.037,27.036,27.035,27.034,27.033,32.495,20.0,35.689,81.97,14.04,40.099,91.326,204.565,56.344,29.278,27.053,27.054,27.057,27.058,27.059,27.06,27.061,27.062,27.063,27.065,248.494,163.745,38.919,69.555,216.983,73.061,160.0,180.0,25.0,55.474
2021-08-20 00:02:55,LINKUSDT.BNC,27.035,27.033,27.026,27.025,27.024,27.023,27.022,27.021,27.02,27.019,204.565,29.278,65.331,56.423,78.447,72.005,195.0,25.0,425.239,195.0,27.04,27.047,27.048,27.049,27.052,27.053,27.054,27.056,27.057,27.058,20.0,254.306,10.235,248.494,75.564,50.0,100.0,13.623,38.919,69.555
2021-08-20 00:02:56,LINKUSDT.BNC,27.039,27.037,27.036,27.035,27.034,27.033,27.032,27.03,27.026,27.025,2.412,10.607,71.606,204.565,34.359,66.245,50.0,162.57,65.331,56.423,27.056,27.058,27.059,27.062,27.065,27.068,27.069,27.071,27.073,27.074,164.498,195.0,180.0,180.0,55.474,215.296,222.492,0.385,988.406,190.656
2021-08-20 00:02:57,LINKUSDT.BNC,27.041,27.04,27.039,27.036,27.035,27.034,27.033,27.032,27.03,27.026,55.552,174.048,0.721,71.606,286.877,229.359,136.967,50.0,25.0,65.331,27.048,27.054,27.058,27.059,27.061,27.062,27.065,27.066,27.068,27.069,1.472,24.0,195.0,209.736,231.0,180.0,55.474,10.0,35.296,22.492
2021-08-20 00:02:58,LINKUSDT.BNC,27.052,27.046,27.044,27.043,27.041,27.04,27.039,27.037,27.036,27.035,20.0,1.472,163.681,10.129,65.695,136.962,50.0,66.691,112.434,180.0,27.057,27.059,27.061,27.062,27.068,27.069,27.071,27.073,27.074,27.075,0.751,180.0,10.337,180.0,35.296,22.492,0.385,82.89,150.662,206.816
2021-08-20 00:02:59,LINKUSDT.BNC,27.061,27.059,27.058,27.057,27.052,27.048,27.047,27.046,27.045,27.044,215.0,24.0,332.402,163.681,54.279,53.024,158.517,50.0,92.384,65.0,27.062,27.069,27.071,27.074,27.075,27.076,27.077,27.081,27.082,27.083,180.0,22.492,0.385,10.129,206.816,154.726,15.246,179.659,302.71,210.6
2021-08-20 00:03:00,LINKUSDT.BNC,27.071,27.069,27.068,27.067,27.062,27.06,27.059,27.054,27.052,27.048,1.471,195.0,638.59,195.0,317.57,50.0,300.0,36.941,54.279,5.0,27.081,27.082,27.083,27.084,27.085,27.086,27.087,27.09,27.091,27.092,0.6,112.71,22.492,46.401,116.094,31.877,10.0,52.027,120.642,274.861
2021-08-20 00:03:01,LINKUSDT.BNC,27.075,27.074,27.071,27.07,27.063,27.062,27.06,27.059,27.054,27.053,1.471,24.0,234.366,1.472,92.328,317.57,50.0,300.0,36.941,5.0,27.081,27.082,27.083,27.084,27.085,27.086,27.087,27.09,27.091,27.092,40.6,112.71,22.492,46.401,18.51,31.877,44.563,52.027,120.642,349.861
2021-08-20 00:03:02,LINKUSDT.BNC,27.076,27.075,27.074,27.072,27.071,27.066,27.065,27.064,27.063,27.062,11.072,1.471,24.0,82.033,234.366,10.295,247.318,143.466,92.328,180.0,27.077,27.081,27.082,27.084,27.085,27.086,27.087,27.088,27.089,27.09,40.585,22.668,111.71,226.401,28.805,31.877,214.563,33.222,74.23,214.209
2021-08-20 00:03:03,LINKUSDT.BNC,27.08,27.076,27.074,27.073,27.072,27.071,27.066,27.065,27.062,27.061,428.922,24.0,181.471,297.84,205.029,197.454,248.161,137.57,125.925,36.931,27.081,27.082,27.084,27.085,27.087,27.088,27.091,27.092,27.093,27.094,22.668,111.71,46.401,28.805,34.563,33.222,55.414,274.861,0.74,2325.739
2021-08-20 00:03:04,LINKUSDT.BNC,27.067,27.065,27.062,27.061,27.06,27.058,27.057,27.055,27.054,27.052,24.0,272.316,255.925,36.931,16.825,137.57,50.0,5.0,81.941,249.279,27.078,27.079,27.082,27.084,27.085,27.088,27.091,27.092,27.093,27.094,32.653,34.145,111.157,46.401,198.51,213.222,55.414,274.861,0.74,2154.739
2021-08-20 00:03:05,LINKUSDT.BNC,27.078,27.076,27.074,27.073,27.072,27.071,27.069,27.068,27.067,27.064,371.492,380.51,2.443,120.745,180.0,108.348,192.0,45.334,195.0,92.321,27.091,27.092,27.094,27.095,27.097,27.098,27.099,27.1,27.101,27.102,13.775,105.811,2144.039,7.101,202.827,62.767,92.359,222.834,33.426,35.071
2021-08-20 00:03:06,LINKUSDT.BNC,27.071,27.07,27.064,27.063,27.061,27.06,27.057,27.056,27.055,27.052,75.51,493.763,92.321,397.57,36.931,16.825,5.0,276.2,195.0,146.577,27.082,27.083,27.085,27.087,27.089,27.09,27.092,27.093,27.094,27.095,1.471,33.909,24.0,180.0,12.0,180.0,140.978,189.385,2353.299,7.101
2021-08-20 00:03:07,LINKUSDT.BNC,27.084,27.083,27.081,27.078,27.075,27.074,27.073,27.072,27.07,27.069,15.337,195.0,116.28,180.0,222.396,358.922,196.47,195.0,231.916,68.251,27.094,27.095,27.097,27.098,27.1,27.101,27.102,27.103,27.104,27.106,2144.039,7.101,27.043,62.767,42.834,4.166,0.6,16.977,9.367,29.26
2021-08-20 00:03:08,LINKUSDT.BNC,27.082,27.08,27.079,27.078,27.076,27.075,27.074,27.073,27.072,27.07,20.0,68.374,15.337,180.0,16.851,222.396,358.922,287.295,195.0,231.916,27.094,27.095,27.097,27.098,27.1,27.101,27.102,27.103,27.104,27.105,2144.039,7.101,13.449,61.767,3.056,4.166,101.6,16.977,9.367,74.397
2021-08-20 00:03:09,LINKUSDT.BNC,27.079,27.078,27.076,27.075,27.074,27.073,27.072,27.07,27.067,27.066,5.17,24.0,20.011,222.396,233.922,92.295,100.0,36.916,17.337,175.0,27.088,27.093,27.094,27.095,27.097,27.098,27.099,27.1,27.101,27.102,50.0,201.085,2186.124,7.101,0.335,61.767,29.26,39.981,104.166,101.6
2021-08-20 00:03:10,LINKUSDT.BNC,27.072,27.067,27.066,27.064,27.063,27.062,27.061,27.06,27.057,27.056,75.51,17.337,118.552,71.951,165.0,159.241,478.922,100.0,160.836,276.2,27.089,27.092,27.094,27.095,27.097,27.098,27.1,27.101,27.102,27.103,12.0,103.699,2244.039,132.101,93.654,61.767,39.981,4.166,0.6,16.977
2021-08-20 00:03:11,LINKUSDT.BNC,27.08,27.079,27.076,27.075,27.073,27.07,27.069,27.068,27.067,27.066,24.0,19.922,180.0,38.352,180.0,180.0,70.0,164.663,41.873,118.552,27.092,27.094,27.095,27.097,27.098,27.1,27.101,27.102,27.103,27.104,45.177,2144.039,7.101,181.335,96.686,39.981,4.166,92.899,16.977,100.0
2021-08-20 00:03:12,LINKUSDT.BNC,27.084,27.082,27.081,27.079,27.076,27.075,27.073,27.072,27.069,27.068,1.471,233.922,59.64,180.0,180.0,110.0,150.0,175.0,36.919,209.663,27.088,27.093,27.094,27.095,27.097,27.098,27.1,27.101,27.102,27.103,25.0,23.699,2144.039,7.101,20.257,61.767,39.981,5.166,272.899,16.977
2021-08-20 00:03:13,LINKUSDT.BNC,27.073,27.072,27.071,27.069,27.068,27.067,27.064,27.062,27.061,27.06,320.356,14.246,220.705,192.908,81.164,231.873,195.0,323.163,75.0,142.57,27.086,27.089,27.091,27.092,27.093,27.094,27.095,27.096,27.097,27.098,1.471,154.289,12.0,235.394,216.931,2144.039,7.101,25.0,10.335,154.086
2021-08-20 00:03:14,LINKUSDT.BNC,27.08,27.077,27.075,27.074,27.071,27.069,27.068,27.067,27.066,27.065,18.882,343.521,188.953,200.0,40.705,137.57,200.374,41.873,100.559,189.868,27.093,27.094,27.095,27.097,27.098,27.099,27.1,27.101,27.102,27.103,21.373,2144.039,7.101,0.335,241.767,1.0,39.981,4.166,0.6,16.977
2021-08-20 00:03:15,LINKUSDT.BNC,27.08,27.077,27.075,27.074,27.073,27.072,27.071,27.069,27.068,27.067,340.804,201.102,12.0,181.471,84.736,104.426,220.705,137.57,200.374,41.873,27.088,27.091,27.093,27.094,27.095,27.097,27.098,27.099,27.1,27.101,1.471,5.388,21.102,2144.039,7.101,0.335,241.767,1.0,39.981,4.166
2021-08-20 00:03:16,LINKUSDT.BNC,27.096,27.095,27.094,27.091,27.089,27.088,27.087,27.086,27.085,27.083,37.755,23.389,180.0,180.0,632.663,180.0,160.0,137.57,475.0,1.47,27.098,27.1,27.101,27.102,27.103,27.107,27.109,27.111,27.112,27.113,1.55,3.056,4.166,0.6,16.977,3.296,0.467,22.992,46.401,1.0
2021-08-20 00:03:17,LINKUSDT.BNC,27.085,27.082,27.079,27.078,27.077,27.075,27.074,27.073,27.072,27.071,36.903,7.285,36.911,180.0,35.723,233.922,629.822,119.051,363.951,40.705,27.091,27.095,27.096,27.097,27.099,27.1,27.101,27.102,27.103,27.104,20.0,12.0,18.367,42.085,3.698,272.129,4.166,0.6,16.977,100.0
2021-08-20 00:03:18,LINKUSDT.BNC,27.086,27.082,27.081,27.08,27.079,27.078,27.076,27.075,27.074,27.073,7.285,103.733,233.648,116.357,36.911,180.0,218.327,233.922,92.282,256.621,27.095,27.096,27.097,27.098,27.1,27.101,27.102,27.103,27.104,27.105,24.49,42.085,47.92,23.097,92.129,4.166,244.803,16.977,134.25,193.299
2021-08-20 00:03:19,LINKUSDT.BNC,27.085,27.083,27.08,27.078,27.074,27.073,27.072,27.071,27.069,27.068,1.471,1.689,212.969,180.0,233.922,120.212,146.678,72.781,162.299,115.48,27.09,27.091,27.099,27.1,27.101,27.102,27.103,27.104,27.105,27.106,3.698,41.531,22.786,140.212,41.085,64.803,16.977,214.25,234.923,164.157
2021-08-20 00:03:20,LINKUSDT.BNC,27.094,27.087,27.086,27.085,27.083,27.082,27.081,27.08,27.079,27.078,1.47,25.881,8.463,1.688,26.47,350.546,74.545,116.357,10.0,180.0,27.1,27.101,27.102,27.103,27.104,27.107,27.108,27.109,27.11,27.111,50.424,4.166,0.6,39.158,34.25,3.296,37.91,0.467,24.294,22.992
2021-08-20 00:03:21,LINKUSDT.BNC,27.088,27.086,27.085,27.083,27.081,27.08,27.079,27.078,27.077,27.076,26.431,62.501,176.886,243.087,74.545,116.357,10.0,180.0,50.0,195.0,27.098,27.1,27.101,27.102,27.103,27.104,27.106,27.107,27.108,27.109,24.0,3.7,45.702,0.6,38.82,214.25,196.356,183.296,537.91,0.467
2021-08-20 00:03:22,LINKUSDT.BNC,27.098,27.097,27.093,27.089,27.088,27.087,27.086,27.085,27.084,27.081,37.512,233.922,10.0,180.0,207.0,25.0,92.237,195.0,36.905,50.0,27.107,27.108,27.109,27.111,27.112,27.115,27.116,27.117,27.118,27.119,71.216,1.0,0.467,202.992,46.401,272.288,25.0,109.253,207.185,114.946
2021-08-20 00:03:23,LINKUSDT.BNC,27.102,27.099,27.098,27.097,27.093,27.09,27.089,27.088,27.087,27.086,1.469,23.067,81.877,233.922,190.0,36.896,100.0,207.0,25.0,192.237,27.111,27.112,27.117,27.118,27.119,27.12,27.123,27.124,27.125,27.126,76.51,226.401,40.013,9.367,154.946,202.946,280.749,94.194,113.631,58.59
2021-08-20 00:03:24,LINKUSDT.BNC,27.102,27.101,27.1,27.098,27.097,27.096,27.093,27.092,27.09,27.089,55.739,184.504,188.594,241.403,655.808,25.0,10.0,92.222,286.896,100.0,27.111,27.112,27.118,27.119,27.12,27.122,27.123,27.124,27.125,27.126,53.614,46.401,30.746,104.946,202.946,271.233,180.749,94.194,93.631,225.819
2021-08-20 00:03:25,LINKUSDT.BNC,27.101,27.1,27.099,27.098,27.097,27.096,27.093,27.09,27.089,27.088,3.699,85.348,163.355,241.403,421.886,25.0,10.0,286.896,100.0,195.0,27.111,27.112,27.118,27.119,27.12,27.122,27.123,27.124,27.125,27.126,20.5,74.157,30.746,71.036,202.946,131.239,524.672,94.194,118.631,225.819
2021-08-20 00:03:26,LINKUSDT.BNC,27.089,27.086,27.083,27.082,27.081,27.079,27.077,27.075,27.073,27.072,162.24,613.967,180.0,232.0,39.302,139.426,250.0,52.0,161.161,68.426,27.104,27.11,27.111,27.112,27.113,27.114,27.116,27.117,27.119,27.12,24.0,133.399,33.236,74.157,70.005,10.0,167.422,216.896,393.267,22.946
2021-08-20 00:03:27,LINKUSDT.BNC,27.092,27.087,27.086,27.082,27.081,27.08,27.079,27.078,27.077,27.075,24.63,62.999,180.0,95.793,29.302,244.389,139.426,317.265,250.0,502.0,27.102,27.103,27.106,27.107,27.11,27.111,27.112,27.113,27.114,27.115,56.122,24.0,12.0,180.0,180.0,111.337,304.157,10.0,100.0,66.42
2021-08-20 00:03:28,LINKUSDT.BNC,27.074,27.069,27.068,27.067,27.066,27.065,27.062,27.06,27.057,27.055,106.084,235.806,142.314,17.337,92.259,596.969,323.231,356.481,92.277,44.998,27.078,27.084,27.096,27.098,27.101,27.103,27.105,27.106,27.107,27.108,20.0,5296.474,268.979,50.0,55.299,204.0,269.75,73.36,180.0,41.536
2021-08-20 00:03:29,LINKUSDT.BNC,27.069,27.068,27.067,27.062,27.058,27.057,27.056,27.055,27.053,27.052,24.3,92.314,17.337,43.231,298.048,50.0,195.0,69.998,295.0,243.279,27.075,27.076,27.081,27.082,27.083,27.085,27.086,27.089,27.091,27.092,243.023,92.129,21.27,180.0,50.0,180.0,10.0,272.348,258.923,130.0
2021-08-20 00:03:30,LINKUSDT.BNC,27.069,27.068,27.059,27.058,27.056,27.055,27.052,27.05,27.049,27.048,216.471,1.0,1.472,21.065,15.757,251.967,54.279,196.69,100.0,119.351,27.077,27.078,27.079,27.08,27.082,27.084,27.085,27.088,27.091,27.092,24.0,12.0,21.065,92.38,180.0,30.0,180.0,25.0,86.937,185.421
2021-08-20 00:03:31,LINKUSDT.BNC,27.061,27.057,27.056,27.053,27.052,27.049,27.048,27.047,27.046,27.043,3.162,175.691,268.188,189.0,54.279,205.397,27.049,241.401,110.217,34.656,27.067,27.073,27.074,27.075,27.076,27.08,27.083,27.084,27.086,27.088,20.0,1.471,21.017,180.0,40.294,272.38,50.0,25.0,50.0,180.0
2021-08-20 00:03:32,LINKUSDT.BNC,27.09,27.084,27.083,27.082,27.073,27.072,27.071,27.07,27.069,27.068,200.0,195.0,195.0,180.0,404.323,235.101,195.0,209.536,25.0,195.0,27.104,27.106,27.111,27.112,27.113,27.114,27.115,27.116,27.119,27.12,76.173,165.71,22.506,27.756,100.0,110.644,34.874,538.667,143.009,22.946
2021-08-20 00:03:33,LINKUSDT.BNC,27.106,27.104,27.102,27.101,27.094,27.093,27.09,27.088,27.087,27.084,44.0,3.699,180.0,127.574,131.257,375.0,255.62,88.555,253.0,195.0,27.111,27.112,27.117,27.118,27.119,27.12,27.121,27.123,27.124,27.125,9.378,27.756,10.628,50.0,143.009,22.946,148.444,180.749,1.928,22.492
2021-08-20 00:03:34,LINKUSDT.BNC,27.112,27.107,27.106,27.105,27.102,27.101,27.099,27.098,27.097,27.096,20.0,3.698,163.615,200.461,180.0,156.62,180.0,105.841,210.0,106.877,27.118,27.119,27.12,27.121,27.123,27.124,27.125,27.126,27.128,27.129,20.697,143.009,22.946,46.401,0.749,1.928,23.492,116.563,233.028,117.86
2021-08-20 00:03:35,LINKUSDT.BNC,27.108,27.106,27.105,27.103,27.102,27.101,27.099,27.098,27.094,27.093,20.0,20.266,181.469,1.469,200.0,156.62,106.877,25.0,131.257,195.0,27.119,27.12,27.121,27.123,27.124,27.125,27.126,27.128,27.129,27.131,143.009,22.946,20.266,0.749,1.928,74.756,116.563,272.219,117.86,181.498
2021-08-20 00:03:36,LINKUSDT.BNC,27.101,27.094,27.093,27.092,27.088,27.087,27.085,27.084,27.083,27.081,1.0,134.957,375.0,1.0,55.321,359.877,50.0,585.0,245.0,55.62,27.103,27.109,27.11,27.116,27.117,27.118,27.119,27.12,27.121,27.122,40.0,163.397,20.252,81.745,12.0,221.536,110.0,22.946,92.224,64.283
2021-08-20 00:03:37,LINKUSDT.BNC,27.095,27.094,27.093,27.092,27.089,27.088,27.087,27.086,27.085,27.084,0.973,163.397,180.0,1.0,107.913,110.941,253.0,386.409,50.0,245.0,27.111,27.112,27.113,27.116,27.117,27.118,27.119,27.12,27.121,27.122,56.122,2.868,44.076,81.745,136.502,134.748,100.0,22.946,122.224,64.283
2021-08-20 00:03:38,LINKUSDT.BNC,27.099,27.098,27.095,27.094,27.093,27.09,27.089,27.088,27.087,27.086,2.443,20.076,121.876,63.351,180.0,1.0,107.913,110.941,359.877,191.409,27.108,27.11,27.111,27.112,27.113,27.116,27.117,27.119,27.12,27.121,20.0,47.92,20.076,2.868,1.469,18.503,50.0,100.0,22.946,30.0
2021-08-20 00:03:39,LINKUSDT.BNC,27.1,27.091,27.09,27.088,27.087,27.086,27.085,27.084,27.083,27.082,20.0,196.827,1.0,110.39,192.985,386.409,242.162,195.0,195.0,500.0,27.108,27.109,27.11,27.112,27.115,27.116,27.117,27.118,27.119,27.12,67.842,36.096,35.263,2.868,24.828,18.503,50.0,34.446,100.0,32.946
2021-08-20 00:03:40,LINKUSDT.BNC,27.09,27.089,27.088,27.086,27.085,27.082,27.08,27.079,27.078,27.074,1.0,38.641,55.069,1.0,51.0,106.877,55.62,447.286,275.338,138.613,27.101,27.109,27.11,27.111,27.112,27.114,27.115,27.116,27.118,27.12,20.0,19.819,85.263,100.0,2.868,51.0,54.828,36.954,34.446,22.946
2021-08-20 00:03:41,LINKUSDT.BNC,27.094,27.093,27.091,27.09,27.088,27.087,27.086,27.085,27.082,27.081,3.7,38.58,195.0,180.0,74.729,100.0,106.008,302.877,82.6,291.62,27.101,27.103,27.107,27.109,27.112,27.114,27.116,27.119,27.12,27.121,1.47,20.0,92.129,82.788,2.868,1.0,110.684,129.577,202.946,62.009
2021-08-20 00:03:42,LINKUSDT.BNC,27.096,27.095,27.094,27.091,27.09,27.088,27.087,27.086,27.085,27.082,21.939,81.493,21.097,195.0,180.0,161.946,36.892,1.0,1.0,82.6,27.107,27.11,27.112,27.115,27.116,27.118,27.119,27.12,27.121,27.122,92.129,1.0,52.868,41.899,110.69,100.0,129.577,202.946,62.009,14.283
2021-08-20 00:03:43,LINKUSDT.BNC,27.086,27.085,27.083,27.08,27.079,27.078,27.075,27.074,27.073,27.071,38.865,181.0,19.627,335.604,447.286,55.338,136.453,215.62,279.857,169.796,27.099,27.106,27.107,27.109,27.11,27.111,27.112,27.113,27.114,27.115,177.483,192.0,92.129,67.641,101.0,92.253,232.868,18.454,172.192,575.646
2021-08-20 00:03:44,LINKUSDT.BNC,27.096,27.095,27.092,27.089,27.087,27.086,27.085,27.084,27.082,27.08,1.47,38.848,199.541,180.0,204.152,181.0,56.62,195.0,10.0,197.638,27.106,27.107,27.11,27.111,27.112,27.114,27.115,27.116,27.118,27.12,175.415,111.67,1.0,92.253,52.868,172.192,75.646,180.0,34.159,141.394
2021-08-20 00:03:45,LINKUSDT.BNC,27.086,27.085,27.084,27.082,27.081,27.08,27.079,27.078,27.075,27.074,94.543,199.375,39.071,106.877,1.0,197.638,110.382,110.958,256.109,160.0,27.096,27.099,27.1,27.101,27.102,27.105,27.106,27.107,27.108,27.111,2.0,1.47,19.375,163.415,3.157,99.449,104.282,272.129,1.0,118.454
2021-08-20 00:03:46,LINKUSDT.BNC,27.087,27.086,27.084,27.081,27.08,27.079,27.078,27.075,27.074,27.073,43.878,83.459,39.071,20.103,197.638,217.259,110.958,256.109,160.0,571.728,27.095,27.096,27.098,27.099,27.101,27.102,27.105,27.106,27.108,27.109,12.0,2.0,134.512,1.47,19.103,50.0,99.449,272.282,19.454,214.574
2021-08-20 00:03:47,LINKUSDT.BNC,27.095,27.093,27.091,27.089,27.088,27.087,27.086,27.085,27.083,27.082,213.84,180.0,195.0,156.703,195.0,195.0,1.0,345.694,50.0,195.0,27.107,27.108,27.109,27.111,27.112,27.115,27.118,27.12,27.121,27.122,56.122,12.0,1.0,0.974,325.122,216.904,214.159,97.946,100.0,14.283
2021-08-20 00:03:48,LINKUSDT.BNC,27.091,27.09,27.089,27.088,27.086,27.085,27.083,27.082,27.08,27.079,43.878,20.0,18.695,53.174,181.0,36.896,68.395,195.405,263.689,412.152,27.104,27.106,27.108,27.109,27.11,27.112,27.114,27.115,27.117,27.118,3.698,12.0,195.0,217.904,34.494,195.122,200.0,226.904,74.956,264.159
2021-08-20 00:03:49,LINKUSDT.BNC,27.079,27.078,27.073,27.072,27.071,27.07,27.069,27.068,27.067,27.066,57.047,55.338,229.857,173.419,177.496,146.98,62.506,25.0,189.0,390.0,27.088,27.096,27.097,27.1,27.101,27.102,27.103,27.105,27.106,27.107,20.0,217.151,195.0,150.0,221.469,1.688,180.0,123.805,447.0,92.265
2021-08-20 00:03:50,LINKUSDT.BNC,27.058,27.055,27.054,27.052,27.05,27.049,27.048,27.046,27.044,27.043,35.507,44.998,46.401,54.279,44.493,189.0,9.367,160.217,80.0,133.246,27.066,27.072,27.073,27.074,27.076,27.078,27.079,27.08,27.081,27.082,19.628,18.271,24.0,287.36,3.698,206.55,245.0,112.0,195.0,195.0
2021-08-20 00:03:51,LINKUSDT.BNC,27.063,27.062,27.059,27.058,27.056,27.055,27.054,27.052,27.051,27.05,42.443,513.063,217.297,35.507,94.991,224.998,46.401,61.979,222.62,44.493,27.074,27.075,27.08,27.081,27.082,27.083,27.085,27.086,27.087,27.089,92.36,37.297,12.0,143.69,36.947,35.54,205.0,100.0,62.009,36.936
2021-08-20 00:03:52,LINKUSDT.BNC,27.058,27.055,27.054,27.052,27.051,27.05,27.049,27.048,27.047,27.046,35.507,193.114,46.401,234.279,81.73,44.493,189.0,88.708,92.32,60.217,27.068,27.07,27.072,27.073,27.075,27.078,27.079,27.082,27.083,27.087,24.0,12.0,144.251,195.0,217.297,89.207,272.369,36.947,35.54,67.009
2021-08-20 00:03:53,LINKUSDT.BNC,27.056,27.054,27.052,27.051,27.05,27.049,27.048,27.046,27.044,27.043,36.29,46.401,105.811,119.488,44.493,296.877,88.708,60.217,99.966,229.656,27.069,27.07,27.071,27.072,27.073,27.074,27.075,27.077,27.078,27.079,24.0,113.683,208.921,224.251,195.0,66.802,217.297,113.184,90.207,180.0
2021-08-20 00:03:54,LINKUSDT.BNC,27.053,27.052,27.05,27.049,27.047,27.046,27.045,27.044,27.043,27.042,40.0,105.811,44.493,1.0,17.814,60.217,106.877,181.204,118.399,288.063,27.054,27.063,27.064,27.066,27.067,27.071,27.072,27.073,27.074,27.075,0.778,30.859,22.299,46.345,132.398,208.921,224.251,195.0,138.711,233.717
2021-08-20 00:03:55,LINKUSDT.BNC,27.053,27.052,27.048,27.047,27.046,27.045,27.044,27.043,27.042,27.041,40.0,105.811,64.719,17.814,60.217,107.877,181.204,118.399,288.063,27.7,27.054,27.06,27.061,27.065,27.066,27.067,27.068,27.069,27.07,27.071,0.078,3.702,92.409,47.352,12.0,40.0,1.0,40.0,73.122,150.0
2021-08-20 00:03:56,LINKUSDT.BNC,27.046,27.045,27.043,27.041,27.039,27.038,27.037,27.036,27.035,27.034,94.498,1.0,118.399,17.441,116.07,148.275,195.0,73.365,12.885,122.591,27.054,27.058,27.06,27.061,27.062,27.063,27.064,27.067,27.068,27.069,20.0,17.441,12.0,88.245,40.0,50.0,100.0,40.0,1.0,25.0
2021-08-20 00:03:57,LINKUSDT.BNC,27.059,27.054,27.05,27.049,27.048,27.047,27.046,27.043,27.042,27.041,20.0,1.472,17.293,42.443,175.228,20.0,94.498,34.656,195.0,7.7,27.063,27.064,27.065,27.066,27.067,27.068,27.071,27.072,27.073,27.074,12.0,181.13,132.418,40.0,1.0,50.0,152.957,334.251,195.0,103.761
2021-08-20 00:03:58,LINKUSDT.BNC,27.046,27.043,27.041,27.04,27.039,27.038,27.035,27.034,27.031,27.03,94.498,12.881,17.11,48.695,92.394,46.719,20.0,56.511,183.255,39.083,27.057,27.058,27.059,27.061,27.062,27.063,27.064,27.065,27.067,27.068,57.557,17.11,195.0,114.0,150.0,12.0,0.165,92.418,1.0,25.0
2021-08-20 00:03:59,LINKUSDT.BNC,27.06,27.053,27.052,27.048,27.047,27.046,27.044,27.043,27.042,27.038,40.0,98.42,231.103,189.89,481.109,94.498,153.304,32.881,90.89,436.798,27.064,27.065,27.068,27.069,27.071,27.072,27.074,27.075,27.076,27.077,1.0,17.103,97.857,92.413,152.957,180.0,193.761,217.297,14.367,113.184
2021-08-20 00:04:00,LINKUSDT.BNC,27.063,27.057,27.056,27.054,27.053,27.052,27.051,27.05,27.049,27.048,40.0,195.0,20.0,17.06,55.977,214.0,12.877,103.37,285.0,20.665,27.068,27.071,27.072,27.074,27.075,27.076,27.077,27.079,27.081,27.082,12.0,17.103,180.0,79.333,217.297,9.367,20.0,180.0,170.122,86.947
2021-08-20 00:04:01,LINKUSDT.BNC,27.059,27.058,27.057,27.056,27.053,27.052,27.051,27.05,27.049,27.048,460.424,225.046,232.561,20.0,85.814,420.969,12.877,194.26,285.0,20.665,27.071,27.072,27.075,27.076,27.077,27.08,27.081,27.082,27.083,27.084,1.472,196.937,217.297,9.367,20.0,172.162,170.122,86.947,98.032,258.923
2021-08-20 00:04:02,LINKUSDT.BNC,27.062,27.06,27.059,27.058,27.057,27.056,27.053,27.051,27.05,27.049,26.277,352.65,12.873,39.649,375.0,106.877,285.083,180.0,103.37,40.0,27.071,27.072,27.075,27.076,27.077,27.078,27.08,27.081,27.082,27.083,1.472,105.877,37.297,189.367,20.0,92.386,222.162,195.318,210.942,58.032
2021-08-20 00:04:03,LINKUSDT.BNC,27.053,27.052,27.051,27.048,27.046,27.045,27.044,27.043,27.042,27.041,22.137,52.513,17.283,227.634,94.498,273.845,349.003,249.101,385.23,129.332,27.06,27.068,27.069,27.07,27.071,27.072,27.073,27.074,27.076,27.077,20.0,273.641,56.031,180.0,140.0,12.0,180.0,120.454,271.922,108.49
2021-08-20 00:04:04,LINKUSDT.BNC,27.054,27.053,27.047,27.046,27.045,27.044,27.043,27.042,27.041,27.04,200.0,62.137,197.283,94.498,75.0,260.88,54.101,293.07,129.332,243.924,27.064,27.066,27.067,27.068,27.069,27.07,27.071,27.072,27.073,27.074,3.768,163.669,232.07,110.0,209.0,180.0,132.394,345.923,180.0,34.532
2021-08-20 00:04:05,LINKUSDT.BNC,27.056,27.053,27.05,27.048,27.046,27.045,27.044,27.043,27.042,27.041,1.307,22.137,17.154,181.455,338.418,75.0,53.304,226.401,293.07,169.332,27.059,27.06,27.066,27.067,27.071,27.072,27.074,27.075,27.076,27.077,163.669,220.0,149.811,180.0,380.0,12.0,122.114,156.957,91.922,62.009
2021-08-20 00:04:06,LINKUSDT.BNC,27.047,27.046,27.044,27.043,27.041,27.04,27.039,27.038,27.037,27.036,11.099,94.498,53.304,226.401,29.332,36.955,121.426,150.908,550.039,294.079,27.059,27.062,27.063,27.066,27.067,27.069,27.07,27.071,27.072,27.074,40.0,47.704,271.855,285.811,50.0,145.941,174.159,380.0,12.0,122.114
2021-08-20 00:04:07,LINKUSDT.BNC,27.046,27.043,27.039,27.038,27.036,27.034,27.032,27.031,27.03,27.029,35.281,226.401,301.426,45.719,185.548,89.802,225.088,189.0,558.427,246.969,27.05,27.053,27.054,27.058,27.059,27.06,27.061,27.063,27.064,27.067,40.0,12.0,40.976,1.472,58.566,364.332,330.432,180.0,61.966,113.708
2021-08-20 00:04:08,LINKUSDT.BNC,27.043,27.04,27.037,27.036,27.034,27.032,27.031,27.03,27.029,27.027,46.401,79.001,81.799,185.548,89.802,297.85,103.552,458.427,206.969,114.903,27.05,27.054,27.055,27.056,27.058,27.059,27.06,27.061,27.062,27.063,92.425,3.704,28.856,204.0,145.573,58.566,505.84,74.49,84.693,180.0
2021-08-20 00:04:09,LINKUSDT.BNC,27.024,27.023,27.022,27.02,27.016,27.015,27.014,27.013,27.012,27.011,16.705,7.108,100.899,0.6,55.009,70.0,195.0,458.559,327.446,306.969,27.034,27.036,27.037,27.038,27.041,27.043,27.046,27.047,27.048,27.049,23.345,195.0,24.0,195.0,153.84,233.923,647.487,135.0,195.0,200.0
2021-08-20 00:04:10,LINKUSDT.BNC,27.013,27.007,27.006,27.004,27.002,27.001,27.0,26.999,26.998,26.996,247.302,53.674,9.367,213.686,66.661,2.5,121.098,104.998,54.813,295.195,27.021,27.022,27.023,27.024,27.025,27.027,27.03,27.032,27.033,27.034,74.0,255.0,34.664,91.5,100.0,20.0,92.488,1.472,256.208,500.0
2021-08-20 00:04:11,LINKUSDT.BNC,26.992,26.989,26.988,26.987,26.986,26.985,26.984,26.983,26.981,26.98,1.0,81.991,16.911,12.908,29.208,9.378,0.5,200.0,295.0,304.658,26.996,27.001,27.002,27.004,27.005,27.006,27.007,27.009,27.011,27.012,92.603,60.0,41.365,100.0,195.0,563.923,120.0,218.924,100.0,40.0
2021-08-20 00:04:12,LINKUSDT.BNC,27.009,27.007,27.004,27.002,27.001,26.996,26.995,26.994,26.993,26.992,24.0,16.588,180.0,20.0,218.89,107.429,200.0,133.523,200.0,1.0,27.019,27.02,27.022,27.024,27.025,27.026,27.027,27.028,27.029,27.031,12.0,25.0,233.923,20.0,40.0,185.0,50.0,20.0,100.0,124.166
2021-08-20 00:04:13,LINKUSDT.BNC,27.009,27.008,27.007,27.006,27.005,27.004,27.003,27.002,27.001,27.0,24.0,68.807,196.588,24.657,63.006,180.0,83.62,20.0,218.89,101.452,27.014,27.018,27.019,27.021,27.022,27.024,27.025,27.026,27.027,27.028,20.0,1.858,12.0,1.0,333.923,20.0,40.0,180.0,50.0,20.0
2021-08-20 00:04:14,LINKUSDT.BNC,27.007,27.006,27.004,27.002,27.001,27.0,26.996,26.995,26.994,26.993,64.0,24.657,28.998,112.119,38.89,281.452,287.429,200.0,133.523,200.0,27.015,27.017,27.018,27.02,27.021,27.022,27.025,27.026,27.027,27.028,35.707,20.0,16.065,50.0,1.0,513.923,95.559,180.0,98.04,20.0
2021-08-20 00:04:15,LINKUSDT.BNC,27.019,27.015,27.014,27.013,27.008,27.007,27.006,27.005,27.004,27.003,24.0,133.006,395.908,56.482,24.031,399.0,24.657,110.0,192.707,17.443,27.027,27.028,27.029,27.031,27.033,27.034,27.035,27.036,27.038,27.039,12.0,1.0,119.641,84.007,60.0,590.428,295.0,245.0,92.587,250.993
2021-08-20 00:04:16,LINKUSDT.BNC,27.006,27.004,27.003,27.002,27.001,27.0,26.999,26.998,26.996,26.995,368.571,29.608,17.443,169.12,38.89,100.452,81.519,232.902,207.429,943.922,27.019,27.024,27.025,27.027,27.028,27.029,27.03,27.031,27.032,27.034,15.701,40.0,195.706,40.0,172.655,329.379,348.293,1.472,344.707,71.376
2021-08-20 00:04:17,LINKUSDT.BNC,27.016,27.013,27.012,27.011,27.01,27.009,27.007,27.006,27.004,27.003,60.0,24.122,363.914,24.0,63.008,180.0,71.63,204.657,29.608,96.373,27.022,27.023,27.024,27.026,27.028,27.029,27.03,27.032,27.034,27.035,105.811,3.706,15.59,12.0,163.914,149.379,84.37,94.707,345.299,360.0
2021-08-20 00:04:18,LINKUSDT.BNC,27.014,27.01,27.009,27.005,27.004,27.003,27.002,27.001,27.0,26.999,24.0,63.008,195.464,73.883,127.409,96.373,57.001,38.89,31.419,81.519,27.023,27.024,27.025,27.026,27.027,27.028,27.029,27.032,27.033,27.034,40.0,57.122,15.59,290.0,72.0,121.788,279.379,180.0,314.029,243.29
2021-08-20 00:04:19,LINKUSDT.BNC,27.005,27.004,27.003,27.001,27.0,26.999,26.998,26.997,26.996,26.995,73.883,127.409,111.592,38.89,31.419,80.519,137.011,466.119,2033.257,763.922,27.012,27.015,27.016,27.017,27.02,27.022,27.023,27.025,27.026,27.027,20.0,201.472,187.399,15.219,40.0,243.84,24.0,130.201,300.0,32.0
2021-08-20 00:04:20,LINKUSDT.BNC,27.006,27.004,27.002,27.001,27.0,26.997,26.996,26.995,26.994,26.992,18.864,29.608,44.933,38.89,18.518,650.257,1933.257,20.0,50.0,40.0,27.017,27.018,27.019,27.02,27.021,27.022,27.023,27.024,27.025,27.026,38.993,49.0,100.0,40.0,175.625,243.84,233.923,101.407,130.201,200.0
2021-08-20 00:04:21,LINKUSDT.BNC,27.012,27.01,27.008,27.004,27.003,27.002,27.0,26.997,26.996,26.995,24.0,81.442,38.055,180.0,14.617,144.786,111.315,650.257,1933.257,20.0,27.016,27.019,27.02,27.021,27.022,27.024,27.027,27.028,27.029,27.03,23.7,12.0,20.0,24.5,90.0,281.407,233.923,206.201,474.856,222.784
2021-08-20 00:04:22,LINKUSDT.BNC,27.011,27.009,27.007,27.006,27.004,27.003,27.002,27.0,26.999,26.997,24.799,24.0,14.617,220.103,16.901,326.442,324.786,111.315,1.0,650.257,27.021,27.022,27.023,27.024,27.025,27.026,27.027,27.028,27.029,27.031,41.0,104.542,89.894,101.407,40.0,311.875,233.923,166.201,481.404,158.337
2021-08-20 00:04:23,LINKUSDT.BNC,27.013,27.012,27.011,27.008,27.007,27.006,27.004,27.003,27.002,27.0,21.936,14.884,24.0,82.382,15.269,220.103,16.901,100.93,324.786,18.518,27.021,27.022,27.023,27.024,27.025,27.026,27.027,27.028,27.029,27.033,1.0,38.291,69.335,172.098,40.0,311.875,273.923,666.201,481.404,35.043
2021-08-20 00:04:24,LINKUSDT.BNC,27.0,26.996,26.993,26.991,26.988,26.986,26.985,26.984,26.983,26.981,18.518,1946.842,181.0,57.129,264.522,264.208,100.0,40.5,600.0,46.401,27.006,27.011,27.012,27.013,27.014,27.015,27.016,27.018,27.02,27.021,20.999,13.585,498.098,41.474,324.0,180.0,20.0,180.0,77.0,1.0
2021-08-20 00:04:25,LINKUSDT.BNC,26.993,26.992,26.989,26.988,26.987,26.986,26.984,26.982,26.981,26.98,21.936,296.0,164.008,200.0,18.626,53.208,180.5,195.74,226.401,56.91,27.003,27.005,27.009,27.01,27.012,27.013,27.015,27.016,27.019,27.02,24.0,1.0,233.923,40.0,100.0,1.474,10.0,139.863,108.867,254.031
2021-08-20 00:04:26,LINKUSDT.BNC,27.001,26.998,26.997,26.995,26.992,26.988,26.987,26.986,26.985,26.984,116.0,8.401,24.0,180.0,233.865,433.922,18.626,287.208,50.0,220.5,27.004,27.005,27.011,27.012,27.013,27.014,27.015,27.017,27.019,27.02,12.0,1.0,40.0,8.4,66.502,192.258,10.0,230.0,442.79,92.626
2021-08-20 00:04:27,LINKUSDT.BNC,27.001,26.997,26.996,26.992,26.989,26.988,26.987,26.986,26.985,26.984,24.74,243.94,192.96,323.199,7.7,433.922,453.0,311.204,50.0,0.5,27.011,27.012,27.017,27.018,27.019,27.02,27.021,27.022,27.023,27.025,1.474,12.0,12.96,150.427,280.0,92.626,80.0,25.0,96.921,92.608
2021-08-20 00:04:28,LINKUSDT.BNC,27.0,26.998,26.993,26.992,26.988,26.987,26.986,26.985,26.984,26.983,24.0,148.383,130.084,323.199,433.922,313.0,311.204,50.0,100.5,40.0,27.005,27.009,27.01,27.012,27.015,27.016,27.017,27.018,27.019,27.02,58.0,12.562,200.0,12.0,67.539,180.0,103.151,198.17,384.819,92.626
2021-08-20 00:04:29,LINKUSDT.BNC,26.991,26.986,26.984,26.982,26.981,26.98,26.979,26.976,26.975,26.974,1.475,29.208,192.728,37.043,46.401,56.91,12.57,203.414,92.572,245.0,26.995,26.999,27.0,27.002,27.003,27.006,27.007,27.008,27.009,27.01,28.0,12.228,72.6,162.343,124.0,52.0,107.597,74.405,413.923,200.0
2021-08-20 00:04:30,LINKUSDT.BNC,26.991,26.989,26.988,26.987,26.986,26.985,26.984,26.982,26.981,26.98,1.475,12.687,18.622,24.0,29.208,67.458,180.5,37.043,46.401,56.91,26.999,27.0,27.003,27.005,27.006,27.007,27.008,27.009,27.01,27.011,49.998,84.828,24.0,20.0,202.0,87.597,74.405,233.923,200.0,30.0
2021-08-20 00:04:31,LINKUSDT.BNC,26.986,26.984,26.982,26.981,26.98,26.979,26.978,26.977,26.976,26.975,29.208,0.5,37.043,46.401,144.344,83.308,78.073,233.922,103.414,92.572,26.994,26.995,26.996,26.997,26.998,26.999,27.0,27.003,27.004,27.005,45.0,200.0,105.811,260.0,12.0,239.998,84.828,204.0,180.703,114.912
2021-08-20 00:04:32,LINKUSDT.BNC,26.972,26.971,26.97,26.969,26.968,26.967,26.965,26.964,26.963,26.962,22.436,1.08,1.0,39.08,65.491,113.985,71.663,46.099,180.0,37.972,26.982,26.984,26.985,26.986,26.987,26.99,26.991,26.992,26.993,26.995,38.436,100.0,165.554,453.003,200.0,330.0,62.072,170.0,380.0,200.0
2021-08-20 00:04:33,LINKUSDT.BNC,26.976,26.975,26.974,26.972,26.971,26.97,26.969,26.968,26.967,26.965,11.218,24.0,40.722,56.991,29.264,181.0,207.291,102.9,180.0,0.467,26.985,26.986,26.989,26.99,26.991,26.992,26.993,26.994,26.995,26.996,12.0,20.0,137.232,330.0,162.072,120.0,485.477,233.923,200.0,72.009
2021-08-20 00:04:34,LINKUSDT.BNC,26.977,26.974,26.973,26.972,26.971,26.968,26.967,26.966,26.965,26.964,1.0,17.787,24.0,67.04,1.08,282.267,180.0,340.799,0.467,0.385,26.984,26.985,26.986,26.987,26.99,26.991,26.993,26.994,26.995,26.997,85.94,38.371,34.693,12.0,100.0,256.429,305.477,233.923,380.0,200.0
2021-08-20 00:04:35,LINKUSDT.BNC,26.982,26.977,26.975,26.974,26.973,26.972,26.971,26.97,26.966,26.965,40.0,11.324,24.0,189.225,180.0,55.267,1.08,180.0,195.0,20.467,26.987,26.991,26.992,26.993,26.996,26.997,26.999,27.0,27.001,27.003,12.0,87.753,122.71,105.477,413.923,50.0,339.552,166.927,62.009,580.75
2021-08-20 00:04:36,LINKUSDT.BNC,26.966,26.965,26.964,26.962,26.961,26.96,26.959,26.957,26.956,26.955,24.0,0.467,0.385,346.762,2.062,99.436,284.1,22.185,95.822,233.64,26.977,26.979,26.98,26.981,26.982,26.983,26.984,26.986,26.987,26.99,24.0,10.45,41.476,200.0,400.0,220.0,50.0,159.203,191.556,182.791
2021-08-20 00:04:37,LINKUSDT.BNC,26.974,26.969,26.968,26.966,26.965,26.964,26.963,26.962,26.961,26.96,56.0,71.4,204.0,55.248,180.467,0.385,228.718,182.587,0.75,3.629,26.979,26.983,26.984,26.986,26.987,26.99,26.991,26.992,26.995,26.996,12.0,24.509,70.0,159.203,16.42,157.854,94.979,210.0,162.379,233.923
2021-08-20 00:04:38,LINKUSDT.BNC,26.984,26.983,26.982,26.978,26.977,26.976,26.975,26.974,26.97,26.969,11.179,239.482,24.0,106.877,180.0,55.431,19.606,180.0,50.0,111.4,26.994,26.997,26.998,26.999,27.0,27.001,27.003,27.004,27.005,27.006,12.0,11.179,105.881,202.492,100.0,40.0,95.596,34.25,200.0,59.367
2021-08-20 00:04:39,LINKUSDT.BNC,26.997,26.989,26.987,26.985,26.984,26.983,26.98,26.977,26.976,26.975,1.475,11.098,181.31,170.412,272.706,306.877,116.869,465.0,55.431,19.606,27.002,27.003,27.004,27.006,27.007,27.008,27.01,27.011,27.013,27.014,12.0,123.221,192.472,109.367,94.874,50.533,312.668,25.0,52.372,92.653
2021-08-20 00:04:40,LINKUSDT.BNC,26.981,26.978,26.977,26.976,26.975,26.974,26.97,26.967,26.966,26.965,78.313,182.158,180.0,55.431,19.606,140.941,195.0,100.0,250.248,0.467,26.99,26.994,26.995,26.999,27.0,27.002,27.004,27.005,27.006,27.007,58.0,26.006,23.445,100.0,130.0,129.054,397.472,71.491,9.367,274.874
2021-08-20 00:04:41,LINKUSDT.BNC,26.967,26.965,26.964,26.963,26.962,26.961,26.96,26.958,26.957,26.956,40.949,11.216,101.228,199.241,2.587,0.75,110.506,161.015,517.458,303.736,26.981,26.982,26.983,26.984,26.986,26.987,26.99,26.992,26.993,26.995,45.655,31.626,74.0,220.0,239.189,340.0,95.35,55.0,180.0,102.679
2021-08-20 00:04:42,LINKUSDT.BNC,26.965,26.964,26.963,26.962,26.961,26.958,26.957,26.956,26.955,26.954,0.467,0.385,94.049,51.258,158.273,161.015,278.458,68.736,38.64,97.362,26.976,26.977,26.978,26.979,26.98,26.981,26.982,26.983,26.984,26.985,13.318,12.0,20.0,31.27,37.649,51.688,102.958,98.367,200.0,251.016
2021-08-20 00:04:43,LINKUSDT.BNC,26.961,26.96,26.958,26.956,26.953,26.952,26.951,26.95,26.949,26.947,404.031,1.0,106.877,194.29,12.582,151.872,107.353,277.235,55.201,17.7,26.971,26.972,26.974,26.976,26.977,26.979,26.98,26.982,26.983,26.984,105.811,200.0,52.329,71.475,12.0,118.245,40.0,140.039,278.367,210.0
2021-08-20 00:04:44,LINKUSDT.BNC,26.96,26.956,26.954,26.953,26.952,26.951,26.95,26.949,26.945,26.944,1.0,14.29,103.059,35.664,281.872,174.23,44.577,235.201,0.6,195.0,26.964,26.967,26.968,26.969,26.97,26.971,26.972,26.973,26.974,26.975,20.0,11.607,24.0,20.0,12.0,285.811,200.0,117.165,220.449,37.091
2021-08-20 00:04:45,LINKUSDT.BNC,26.945,26.942,26.941,26.94,26.938,26.937,26.934,26.933,26.932,26.931,0.6,60.827,86.451,87.319,129.349,369.557,147.81,3.849,0.557,40.0,26.952,26.954,26.955,26.956,26.959,26.96,26.962,26.964,26.968,26.97,60.607,343.739,200.0,440.0,200.0,180.0,150.0,180.0,99.106,340.035
2021-08-20 00:04:46,LINKUSDT.BNC,26.937,26.933,26.932,26.931,26.93,26.929,26.928,26.927,26.926,26.925,0.557,3.849,85.574,436.195,76.787,136.014,180.0,38.732,57.334,262.717,26.94,26.943,26.944,26.946,26.949,26.95,26.952,26.953,26.954,26.955,25.0,35.341,200.0,200.0,1.475,212.0,50.0,358.502,38.748,200.0
2021-08-20 00:04:47,LINKUSDT.BNC,26.944,26.94,26.937,26.934,26.933,26.932,26.93,26.929,26.928,26.927,97.0,180.0,180.557,11.502,183.849,0.557,256.996,35.62,21.912,38.732,26.95,26.952,26.954,26.96,26.961,26.963,26.965,26.968,26.969,26.97,12.0,37.128,38.748,193.102,20.0,988.406,80.0,229.015,45.0,158.035
2021-08-20 00:04:48,LINKUSDT.BNC,26.959,26.953,26.951,26.95,26.948,26.942,26.941,26.94,26.939,26.938,40.089,24.0,412.352,35.079,180.0,20.0,180.0,150.0,120.0,95.861,26.963,26.964,26.967,26.968,26.97,26.971,26.972,26.973,26.974,26.975,12.0,9.367,1.688,55.669,158.035,489.162,200.0,119.419,130.418,62.009
2021-08-20 00:04:49,LINKUSDT.BNC,26.953,26.952,26.948,26.947,26.946,26.944,26.942,26.941,26.938,26.937,60.0,0.446,110.91,219.479,54.053,286.877,63.002,180.0,184.139,0.557,26.958,26.962,26.963,26.964,26.966,26.967,26.968,26.969,26.97,26.971,29.968,102.994,192.0,9.367,49.252,197.796,65.669,87.234,158.035,377.93
2021-08-20 00:04:50,LINKUSDT.BNC,26.946,26.943,26.942,26.938,26.937,26.935,26.934,26.933,26.932,26.929,36.0,219.487,11.033,199.803,404.136,20.0,217.101,334.249,0.557,101.0,26.957,26.958,26.961,26.962,26.963,26.964,26.966,26.967,26.968,26.969,35.033,29.968,89.952,151.83,18.555,9.367,49.252,17.796,55.669,87.234
2021-08-20 00:04:51,LINKUSDT.BNC,26.94,26.939,26.938,26.937,26.935,26.934,26.933,26.932,26.929,26.928,26.478,399.528,40.339,0.557,184.209,217.101,3.849,0.557,295.0,426.713,26.951,26.953,26.955,26.958,26.959,26.96,26.961,26.962,26.963,26.964,11.033,24.0,40.339,99.49,164.255,180.0,133.245,50.0,180.0,9.367
2021-08-20 00:04:52,LINKUSDT.BNC,26.937,26.933,26.932,26.931,26.93,26.929,26.928,26.927,26.926,26.925,0.557,3.849,0.557,99.695,251.693,104.82,108.713,140.987,57.334,222.763,26.945,26.946,26.949,26.95,26.952,26.953,26.954,26.956,26.957,26.958,64.79,37.817,71.545,192.0,50.0,153.101,60.0,142.988,295.484,80.935
2021-08-20 00:04:53,LINKUSDT.BNC,26.949,26.948,26.946,26.945,26.943,26.941,26.94,26.939,26.937,26.936,244.375,32.114,20.0,211.717,142.667,200.0,5.236,96.887,278.674,261.344,26.958,26.959,26.96,26.961,26.962,26.964,26.965,26.966,26.967,26.968,29.968,104.255,68.558,93.245,40.0,109.367,40.0,435.4,118.031,105.669
2021-08-20 00:04:54,LINKUSDT.BNC,26.957,26.955,26.953,26.95,26.947,26.946,26.945,26.942,26.941,26.94,78.0,74.197,24.0,15.506,70.526,20.0,181.478,71.839,200.0,5.236,26.958,26.963,26.964,26.965,26.966,26.967,26.968,26.969,26.97,26.971,29.968,17.28,31.242,40.0,49.252,197.796,55.669,18.553,338.035,263.333
2021-08-20 00:04:55,LINKUSDT.BNC,26.964,26.962,26.961,26.959,26.958,26.956,26.955,26.953,26.951,26.95,28.0,24.0,11.595,200.0,200.0,102.057,180.0,106.877,88.748,375.0,26.97,26.971,26.973,26.975,26.976,26.977,26.978,26.979,26.982,26.983,105.811,32.102,18.552,11.595,180.0,90.023,27.185,230.0,202.172,154.417
2021-08-20 00:04:56,LINKUSDT.BNC,26.956,26.953,26.951,26.947,26.946,26.942,26.941,26.94,26.939,26.938,48.652,3.716,88.748,164.444,53.395,150.551,144.144,391.508,195.905,50.0,26.96,26.963,26.964,26.966,26.967,26.968,26.969,26.97,26.971,26.972,53.0,12.0,20.927,35.369,180.0,18.549,15.731,285.811,179.61,69.498
2021-08-20 00:04:57,LINKUSDT.BNC,26.95,26.945,26.944,26.943,26.941,26.94,26.937,26.936,26.934,26.933,78.0,73.171,1.478,235.623,105.527,393.385,98.674,54.117,206.7,392.336,26.958,26.959,26.961,26.962,26.963,26.966,26.967,26.969,26.97,26.972,17.795,24.0,1.688,18.555,152.0,45.493,180.0,25.731,98.851,50.0
2021-08-20 00:04:58,LINKUSDT.BNC,26.975,26.969,26.967,26.965,26.964,26.962,26.957,26.956,26.955,26.954,90.0,20.0,200.0,11.44,180.0,106.877,80.0,139.836,201.458,91.192,26.981,26.982,26.983,26.984,26.985,26.99,26.991,26.992,26.993,26.994,12.0,92.773,164.185,230.563,44.998,111.152,60.217,299.903,100.0,24.579
2021-08-20 00:04:59,LINKUSDT.BNC,26.971,26.97,26.965,26.96,26.959,26.958,26.957,26.956,26.955,26.954,164.185,50.0,11.329,65.869,94.178,70.007,200.0,139.836,296.394,271.192,26.982,26.985,26.989,26.99,26.991,26.992,26.993,26.994,26.995,26.999,92.773,44.998,165.408,111.152,139.97,299.903,100.0,123.02,42.272,111.667
2021-08-20 00:05:00,LINKUSDT.BNC,26.983,26.981,26.975,26.973,26.972,26.971,26.966,26.96,26.959,26.958,50.0,64.0,11.329,70.005,200.0,87.424,54.133,65.869,289.178,771.807,26.985,26.99,26.991,26.992,26.994,26.996,26.997,26.998,26.999,27.002,22.492,111.152,60.217,102.085,24.579,64.645,130.477,50.0,193.676,99.843
2021-08-20 00:05:01,LINKUSDT.BNC,26.974,26.971,26.966,26.965,26.963,26.96,26.959,26.958,26.957,26.956,38.044,87.424,54.133,101.517,37.067,65.869,300.627,70.007,202.185,320.867,26.978,26.98,26.984,26.985,26.987,26.989,26.99,26.991,26.992,26.993,16.004,20.0,12.0,22.492,20.0,59.987,161.152,60.217,9.367,188.927
2021-08-20 00:05:02,LINKUSDT.BNC,26.972,26.971,26.97,26.968,26.967,26.966,26.965,26.963,26.96,26.959,121.499,24.0,10.835,233.907,88.855,54.133,101.517,37.067,65.869,300.627,26.978,26.982,26.983,26.984,26.987,26.989,26.99,26.991,26.992,26.993,5.22,60.677,175.163,12.0,20.0,279.186,161.152,60.217,9.367,188.927
2021-08-20 00:05:03,LINKUSDT.BNC,26.971,26.969,26.968,26.967,26.966,26.965,26.963,26.96,26.959,26.958,24.0,32.16,60.882,88.855,234.133,101.517,37.067,65.869,94.178,70.007,26.978,26.979,26.982,26.983,26.985,26.987,26.988,26.989,26.99,26.991,0.98,12.0,10.835,50.0,100.0,60.0,119.412,387.361,111.152,188.757
2021-08-20 00:05:04,LINKUSDT.BNC,26.973,26.971,26.969,26.967,26.966,26.965,26.961,26.96,26.959,26.958,1.476,24.0,10.503,117.477,54.133,281.517,335.844,265.252,94.178,70.007,26.977,26.979,26.981,26.982,26.983,26.987,26.988,26.989,26.99,26.991,0.98,12.0,20.313,17.507,50.0,60.0,119.412,387.361,148.225,170.217
2021-08-20 00:05:05,LINKUSDT.BNC,26.984,26.983,26.982,26.98,26.979,26.976,26.975,26.973,26.971,26.969,257.593,24.0,20.0,10.294,180.0,53.375,266.585,1.476,180.0,50.0,26.989,26.99,26.991,26.992,26.996,26.999,27.001,27.002,27.004,27.005,16.358,111.152,60.217,9.367,8.951,204.364,180.0,99.843,108.268,296.088
2021-08-20 00:05:06,LINKUSDT.BNC,26.992,26.988,26.987,26.982,26.981,26.98,26.979,26.978,26.976,26.975,24.0,244.022,10.181,200.0,193.575,100.427,37.042,195.0,203.375,130.0,26.997,26.998,26.999,27.003,27.004,27.006,27.007,27.011,27.012,27.013,8.256,12.0,89.161,25.822,73.762,282.046,40.0,244.919,101.0,285.511
2021-08-20 00:05:07,LINKUSDT.BNC,26.981,26.976,26.973,26.971,26.969,26.968,26.967,26.966,26.965,26.962,1.476,53.375,88.892,180.0,3.007,195.0,214.485,143.083,296.517,428.052,26.988,26.991,26.992,26.994,26.995,26.996,26.997,26.998,26.999,27.001,24.0,9.926,220.0,234.079,180.0,254.666,200.0,332.0,89.161,62.009
2021-08-20 00:05:08,LINKUSDT.BNC,26.981,26.977,26.976,26.975,26.974,26.973,26.972,26.971,26.968,26.967,1.476,62.999,180.0,162.656,220.57,244.157,63.004,180.0,202.969,214.485,26.985,26.986,26.993,26.994,26.995,26.996,26.998,26.999,27.001,27.002,12.0,105.811,9.926,234.079,180.0,143.462,220.0,89.161,62.009,25.0
2021-08-20 00:05:09,LINKUSDT.BNC,26.988,26.985,26.984,26.978,26.977,26.976,26.975,26.972,26.971,26.97,9.806,219.145,380.0,20.0,281.435,180.0,390.0,63.004,220.0,75.0,26.998,26.999,27.003,27.004,27.005,27.006,27.007,27.008,27.009,27.01,12.0,98.967,180.0,20.0,215.652,373.91,234.079,33.453,180.0,25.0
2021-08-20 00:05:10,LINKUSDT.BNC,26.979,26.978,26.977,26.976,26.972,26.971,26.97,26.969,26.968,26.967,9.806,219.186,103.102,267.154,74.447,88.817,20.0,195.0,397.969,310.006,26.992,26.993,26.994,26.997,26.998,26.999,27.001,27.002,27.003,27.004,24.0,9.67,180.0,20.0,90.927,259.783,50.0,70.001,205.0,118.526
2021-08-20 00:05:11,LINKUSDT.BNC,26.986,26.981,26.978,26.977,26.976,26.972,26.971,26.97,26.969,26.968,241.169,10.285,219.186,103.102,233.765,74.447,88.817,20.0,195.0,397.969,26.991,26.994,26.995,26.998,26.999,27.0,27.002,27.003,27.004,27.005,52.0,33.67,130.0,112.844,259.783,97.905,70.001,223.527,135.296,215.652
2021-08-20 00:05:12,LINKUSDT.BNC,26.981,26.98,26.979,26.977,26.976,26.973,26.971,26.97,26.969,26.968,10.452,48.128,332.055,103.102,233.429,180.0,75.251,20.0,195.0,397.969,26.99,26.991,26.993,26.994,26.995,26.997,26.998,26.999,27.0,27.002,24.0,12.0,10.452,77.281,310.0,203.902,247.746,356.954,4.129,70.001
2021-08-20 00:05:13,LINKUSDT.BNC,26.958,26.956,26.952,26.951,26.95,26.949,26.948,26.947,26.946,26.944,244.166,53.961,110.0,24.128,9.367,381.606,726.809,111.33,97.177,18.366,26.974,26.975,26.977,26.978,26.979,26.98,26.981,26.984,26.985,26.987,23.625,200.0,23.07,40.0,380.0,100.0,70.0,313.992,414.079,50.0
2021-08-20 00:05:14,LINKUSDT.BNC,26.957,26.956,26.952,26.951,26.95,26.948,26.946,26.944,26.943,26.942,16.483,220.0,244.275,180.0,9.367,88.667,137.177,18.366,434.998,175.217,26.969,26.971,26.972,26.974,26.975,26.976,26.977,26.978,26.979,26.98,24.0,1.476,3.172,162.846,86.44,240.0,12.0,187.441,498.449,37.083
2021-08-20 00:05:15,LINKUSDT.BNC,26.941,26.94,26.939,26.937,26.936,26.935,26.933,26.932,26.931,26.929,10.928,5.236,7.108,11.724,234.117,0.372,3.849,0.557,102.058,29.42,26.948,26.952,26.954,26.957,26.959,26.96,26.961,26.962,26.963,26.964,40.0,24.0,12.0,180.0,234.079,50.0,40.0,278.694,40.0,105.607
2021-08-20 00:05:16,LINKUSDT.BNC,26.934,26.933,26.932,26.931,26.93,26.929,26.927,26.926,26.925,26.924,1.479,183.849,0.557,100.623,208.239,29.42,218.732,150.086,7.108,95.225,26.948,26.95,26.951,26.952,26.953,26.954,26.957,26.958,26.959,26.96,24.0,10.925,21.734,110.0,81.207,232.0,180.0,110.0,234.079,37.116
2021-08-20 00:05:17,LINKUSDT.BNC,26.938,26.937,26.934,26.933,26.932,26.931,26.93,26.929,26.928,26.927,10.925,208.899,22.438,183.849,87.845,100.623,306.356,29.42,66.088,38.732,26.948,26.949,26.95,26.951,26.952,26.954,26.955,26.956,26.958,26.959,40.704,11.435,10.925,18.562,40.0,40.0,63.006,180.0,65.0,414.079
2021-08-20 00:05:18,LINKUSDT.BNC,26.933,26.932,26.93,26.929,26.926,26.923,26.922,26.921,26.92,26.919,3.849,0.557,10.299,209.42,237.334,70.389,110.0,197.947,284.606,14.0,26.94,26.941,26.942,26.945,26.947,26.948,26.951,26.952,26.954,26.959,24.0,1.478,10.7,40.0,102.0,180.0,83.562,180.0,34.602,234.079
2021-08-20 00:05:19,LINKUSDT.BNC,26.94,26.939,26.935,26.934,26.933,26.932,26.931,26.93,26.929,26.926,86.389,1.478,180.0,29.352,35.107,180.557,104.326,205.299,29.42,57.334,26.949,26.95,26.954,26.957,26.958,26.959,26.96,26.961,26.962,26.963,12.0,3.172,10.671,164.37,180.677,454.079,137.126,308.92,113.152,100.0
2021-08-20 00:05:20,LINKUSDT.BNC,26.932,26.93,26.928,26.927,26.926,26.923,26.922,26.921,26.92,26.919,0.557,17.161,198.639,20.071,57.334,99.816,120.299,202.768,89.606,185.521,26.935,26.941,26.944,26.945,26.946,26.947,26.948,26.95,26.951,26.954,40.0,99.872,24.0,64.601,50.0,1.478,12.0,40.0,100.879,35.0
2021-08-20 00:05:21,LINKUSDT.BNC,26.918,26.914,26.913,26.912,26.911,26.91,26.909,26.908,26.907,26.906,43.576,82.832,0.446,116.046,192.681,103.871,0.446,260.962,118.609,50.0,26.923,26.924,26.93,26.931,26.932,26.934,26.935,26.936,26.938,26.939,1.478,173.298,10.293,204.0,189.201,88.577,480.0,120.0,294.079,210.542
2021-08-20 00:05:22,LINKUSDT.BNC,26.919,26.918,26.917,26.916,26.915,26.914,26.913,26.912,26.911,26.91,0.907,43.204,1.0,10.293,88.551,180.0,0.446,116.046,180.0,103.871,26.926,26.927,26.929,26.93,26.931,26.933,26.934,26.935,26.936,26.938,24.0,22.031,1.476,164.37,60.0,216.509,88.577,430.0,120.0,244.079
2021-08-20 00:05:23,LINKUSDT.BNC,26.92,26.919,26.917,26.916,26.913,26.912,26.911,26.91,26.909,26.908,10.799,190.939,68.456,195.573,94.069,116.046,180.0,103.871,70.561,71.595,26.93,26.931,26.933,26.934,26.935,26.936,26.937,26.938,26.939,26.94,24.0,60.0,118.508,88.577,250.0,120.0,298.887,244.079,210.542,395.211
2021-08-20 00:05:24,LINKUSDT.BNC,26.905,26.902,26.901,26.9,26.898,26.897,26.896,26.895,26.894,26.893,3.134,44.059,38.41,301.488,115.071,1.186,74.52,446.855,192.347,61.333,26.912,26.913,26.914,26.915,26.919,26.92,26.922,26.924,26.926,26.927,44.601,200.0,181.479,200.0,380.0,234.079,180.0,120.0,100.0,74.0
